Date,High,Low,Close,Volume,return_2m,return_3m,return_4m,return_5m,return_6m,return_8m,return_12m,expected_return_50d_US3Y,expected_return_50d_US5Y,expected_return_50d_US7Y,expected_return_50d_US10Y,expected_return_50d_US20Y,expected_return_50d_US30Y,expected_return_70d_US3Y,expected_return_70d_US5Y,expected_return_70d_US7Y,expected_return_70d_US10Y,expected_return_70d_US20Y,expected_return_70d_US30Y,expected_return_100d_US3Y,expected_return_100d_US5Y,expected_return_100d_US7Y,expected_return_100d_US10Y,expected_return_100d_US20Y,expected_return_100d_US30Y,expected_return_120d_US3Y,expected_return_120d_US5Y,expected_return_120d_US7Y,expected_return_120d_US10Y,expected_return_120d_US20Y,expected_return_120d_US30Y,expected_return_150d_US3Y,expected_return_150d_US5Y,expected_return_150d_US7Y,expected_return_150d_US10Y,expected_return_150d_US20Y,expected_return_150d_US30Y,expected_return_180d_US3Y,expected_return_180d_US5Y,expected_return_180d_US7Y,expected_return_180d_US10Y,expected_return_180d_US20Y,expected_return_180d_US30Y,expected_return_200d_US3Y,expected_return_200d_US5Y,expected_return_200d_US7Y,expected_return_200d_US10Y,expected_return_200d_US20Y,expected_return_200d_US30Y,expected_return_220d_US3Y,expected_return_220d_US5Y,expected_return_220d_US7Y,expected_return_220d_US10Y,expected_return_220d_US20Y,expected_return_220d_US30Y,expected_return_250d_US3Y,expected_return_250d_US5Y,expected_return_250d_US7Y,expected_return_250d_US10Y,expected_return_250d_US20Y,expected_return_250d_US30Y,expected_return_280d_US3Y,expected_return_280d_US5Y,expected_return_280d_US7Y,expected_return_280d_US10Y,expected_return_280d_US20Y,expected_return_280d_US30Y,expected_return_300d_US3Y,expected_return_300d_US5Y,expected_return_300d_US7Y,expected_return_300d_US10Y,expected_return_300d_US20Y,expected_return_300d_US30Y,expected_return_320d_US3Y,expected_return_320d_US5Y,expected_return_320d_US7Y,expected_return_320d_US10Y,expected_return_320d_US20Y,expected_return_320d_US30Y,expected_return_350d_US3Y,expected_return_350d_US5Y,expected_return_350d_US7Y,expected_return_350d_US10Y,expected_return_350d_US20Y,expected_return_350d_US30Y,Cash On Hand,Receivables,Inventory,Pre-Paid Expenses,Other Current Assets,Total Current Assets,"Property, Plant, And Equipment",Long-Term Investments,Goodwill And Intangible Assets,Other Long-Term Assets,Total Long-Term Assets,Total Assets,Total Current Liabilities,Long Term Debt,Other Non-Current Liabilities,Total Long Term Liabilities,Total Liabilities,Common Stock Net,Retained Earnings (Accumulated Deficit),Comprehensive Income,Other Share Holders Equity,Share Holder Equity,Total Liabilities And Share Holders Equity,Net Income/Loss,Total Depreciation And Amortization - Cash Flow,Other Non-Cash Items,Total Non-Cash Items,Change In Accounts Receivable,Change In Inventories,Change In Accounts Payable,Change In Assets/Liabilities,Total Change In Assets/Liabilities,Cash Flow From Operating Activities,"Net Change In Property, Plant, And Equipment",Net Change In Intangible Assets,Net Acquisitions/Divestitures,Net Change In Short-term Investments,Net Change In Long-Term Investments,Net Change In Investments - Total,Investing Activities - Other,Cash Flow From Investing Activities,Net Long-Term Debt,Net Current Debt,Debt Issuance/Retirement Net - Total,Net Common Equity Issued/Repurchased,Net Total Equity Issued/Repurchased,Total Common And Preferred Stock Dividends Paid,Financial Activities - Other,Cash Flow From Financial Activities,Net Cash Flow,Stock-Based Compensation,Common Stock Dividends Paid,Current Ratio_x,Debt to Equity ratio,Current Ratio_y,Long-term Debt / Capital,Debt/Equity Ratio,Gross Margin,Operating Margin,EBIT Margin,EBITDA Margin,Pre-Tax Profit Margin,Net Profit Margin,Asset Turnover,Inventory Turnover Ratio,Receiveable Turnover,Days Sales In Receivables,ROE - Return On Equity,Return On Tangible Equity,ROA - Return On Assets,ROI - Return On Investment,Book Value Per Share,Operating Cash Flow Per Share,Free Cash Flow Per Share,Revenue,Cost Of Goods Sold,Gross Profit,Research And Development Expenses,SG&A Expenses,Other Operating Income Or Expenses,Operating Expenses,Operating Income,Total Non-Operating Income/Expense,Pre-Tax Income,Income Taxes,Income After Taxes,Other Income,Income From Continuous Operations,Income From Discontinued Operations,Net Income,EBITDA,EBIT,Basic Shares Outstanding,Shares Outstanding,Basic EPS,EPS - Earnings Per Share,Return on Assets,Return on Equity,Return on Tangible Equity
2021-12-31,,,,,,,,,,,,,,,,,,,,,,,,,,,,,,,,,,,,,,,,,,,,,,,,,,,,,,,,,,,,,,,,,,,,,,,,,,,,,,,,,,,,,,,,,,0.0,0.0,0.0,0.0,0.0,0.0,0.0,0.0,0.0,0.0,0.0,0.0,0.0,0.0,0.0,0.0,0.0,0.0,0.0,0.0,0.0,0.0,0.0,-724.0,1176.0,0.0,1176.0,0.0,0.0,0.0,0.0,-1272.0,-1660.0,-508.0,0.0,0.0,0.0,0.0,-369.0,-264.0,-1141.0,0.0,0.0,2053.0,0.0,0.0,0.0,-57.0,1996.0,-871.0,0.0,0.0,0.0,0,0.0,0.0,0.0,0.0,0.0,0.0,0.0,0.0,0.0,0.0,0.0,0.0,0.0,0.0,0.0,0.0,0.0,0.0,0.0,0.0,0.0,0.0,0.0,0.0,0.0,0.0,0.0,0.0,0.0,0.0,0.0,0.0,0.0,0.0,0.0,0.0,0.0,0.0,0.0,0.0,0.0,0.0,,,
2022-12-31,,,,,,,,,,,,,,,,,,,,,,,,,,,,,,,,,,,,,,,,,,,,,,,,,,,,,,,,,,,,,,,,,,,,,,,,,,,,,,,,,,,,,,,,,,2067.0,6614.0,7893.0,0.0,9327.0,25901.0,11673.0,3685.0,5338.0,2097.0,25138.0,44471.0,26042.0,0.0,6373.0,6822.0,32864.0,0.0,0.0,0.0,11607.0,11607.0,44471.0,-1998.0,621.0,0.0,621.0,0.0,0.0,0.0,0.0,1851.0,1546.0,48.0,0.0,0.0,0.0,0.0,316.0,455.0,819.0,0.0,0.0,-1091.0,0.0,0.0,0.0,-94.0,-1185.0,1138.0,0.0,0.0,0.995,0,0.0,0.0,0.0,0.0,0.0,0.0,0.0,0.0,0.0,0.0,0.0,0.0,0.0,0.0,0.0,0.0,0.0,0.0,0.0,0.0,0.0,0.0,0.0,0.0,0.0,0.0,0.0,0.0,0.0,0.0,0.0,0.0,0.0,0.0,0.0,0.0,0.0,0.0,0.0,0.0,0.0,0.0,,,
2023-03-31,,,,,,,,,,,,,,,,,,,,,,,,,,,,,,,,,,,,,,,,,,,,,,,,,,,,,,,,,,,,,,,,,,,,,,,,,,,,,,,,,,,,,,,,,,0.0,0.0,0.0,0.0,0.0,0.0,0.0,0.0,0.0,0.0,0.0,0.0,0.0,0.0,0.0,0.0,0.0,0.0,0.0,0.0,0.0,0.0,0.0,-346.0,231.0,-296.0,-65.0,579.0,0.0,10.0,-458.0,-175.0,-690.0,-122.0,0.0,0.0,0.0,-5.0,-5.0,86.0,-41.0,726.0,0.0,726.0,0.0,0.0,0.0,-22.0,704.0,6.0,0.0,0.0,0.0,0,0.0,0.0,0.0,13.4711,-6.8748,-6.8748,0.0,-6.0833,-4.6174,0.0,0.0,0.0,0.0,0.0,0.0,0.0,0.0,0.0,0.0,0.0,6822.0,5903.0,919.0,202.0,1186.0,0.0,1388.0,-469.0,54.0,-415.0,-69.0,-346.0,0.0,-346.0,0.0,-315.0,-238.0,-469.0,0.0,0.0,0.0,0.0,,,
2023-06-30,,,,,,,,,,,,,,,,,,,,,,,,,,,,,,,,,,,,,,,,,,,,,,,,,,,,,,,,,,,,,,,,,,,,,,,,,,,,,,,,,,,,,,,,,,0.0,0.0,0.0,0.0,0.0,0.0,0.0,0.0,0.0,0.0,0.0,0.0,0.0,0.0,0.0,0.0,0.0,0.0,0.0,0.0,0.0,0.0,0.0,-149.0,239.0,-123.0,116.0,-298.0,0.0,44.0,76.0,42.0,-288.0,-117.0,0.0,0.0,0.0,-2.0,-2.0,-282.0,-400.0,262.0,0.0,262.0,0.0,0.0,0.0,-24.0,238.0,-453.0,0.0,0.0,0.0,0,0.0,0.0,0.0,14.1274,-4.2123,-4.2123,0.0,-0.3326,-1.8475,0.0,0.0,0.0,0.0,0.0,0.0,0.0,0.0,0.0,-3.5693,-4.4416,8119.0,6973.0,1146.0,216.0,1272.0,0.0,1488.0,-342.0,315.0,-27.0,122.0,-149.0,0.0,-149.0,0.0,-150.0,-103.0,-342.0,274.0,274.0,-0.55,-0.55,,,
2023-09-30,,,,,,,,,,,,,,,,,,,,,,,,,,,,,,,,,,,,,,,,,,,,,,,,,,,,,,,,,,,,,,,,,,,,,,,,,,,,,,,,,,,,,,,,,,0.0,0.0,0.0,0.0,0.0,0.0,0.0,0.0,0.0,0.0,0.0,0.0,0.0,0.0,0.0,0.0,0.0,0.0,0.0,0.0,0.0,0.0,0.0,-185.0,242.0,-80.0,162.0,-109.0,0.0,56.0,271.0,94.0,233.0,-171.0,0.0,0.0,0.0,150.0,150.0,-13.0,-36.0,-277.0,0.0,-277.0,0.0,0.0,0.0,-8.0,-286.0,-134.0,0.0,0.0,0.0,0,0.0,0.0,0.0,12.7348,-3.7077,-3.7077,0.0,-0.1939,-2.0599,0.0,0.0,0.0,0.0,0.0,0.0,0.0,0.0,0.0,0.8503,0.2263,8253.0,7201.0,1052.0,223.0,1135.0,0.0,1358.0,-306.0,292.0,-16.0,169.0,-185.0,0.0,-185.0,0.0,-170.0,-64.0,-306.0,274.0,274.0,-0.62,-0.62,,,
2023-12-31,,,,,,,,,,,,,,,,,,,,,,,,,,,,,,,,,,,,,,,,,,,,,,,,,,,,,,,,,,,,,,,,,,,,,,,,,,,,,,,,,,,,,,,,,,1551.0,7489.0,8253.0,0.0,10135.0,27428.0,5228.0,3555.0,5479.0,2228.0,18693.0,46121.0,29306.0,0.0,8053.0,8435.0,37741.0,0.0,0.0,-635.0,8051.0,8380.0,46121.0,206.0,252.0,499.0,751.0,-172.0,0.0,-110.0,111.0,1169.0,1931.0,-274.0,0.0,0.0,0.0,-143.0,6.0,10.0,-257.0,-711.0,0.0,-1056.0,0.0,0.0,0.0,-9.0,-1064.0,65.0,0.0,0.0,0.936,0,0.9359,0.0,0.0,16.9338,1.9313,1.9313,0.0,3.2653,1.9612,0.2178,1.011,1.3413,67.0991,2.4582,7.101,0.4467,2.4582,0.0,2.719,4.2153,10045.0,8344.0,1701.0,255.0,1252.0,0.0,1507.0,194.0,132.0,328.0,122.0,206.0,0.0,206.0,0.0,197.0,446.0,194.0,0.0,0.0,0.0,0.0,-3.8,-20.91,-60.39
2024-03-31,,,,,,,,,,,,,,,,,,,,,,,,,,,,,,,,,,,,,,,,,,,,,,,,,,,,,,,,,,,,,,,,,,,,,,,,,,,,,,,,,,,,,,,,,,3255.0,7096.0,8859.0,0.0,10034.0,29243.0,5224.0,3647.0,5394.0,2303.0,18629.0,47872.0,29516.0,0.0,7953.0,8376.0,37892.0,0.0,0.0,-686.0,9659.0,9980.0,47872.0,-106.0,251.0,-190.0,61.0,303.0,0.0,-365.0,-102.0,-470.0,-444.0,-213.0,0.0,0.0,0.0,-62.0,-62.0,-9.0,-285.0,2000.0,0.0,2000.0,0.0,0.0,0.0,-66.0,1934.0,1704.0,0.0,0.0,0.991,0,0.9908,0.0,0.0,15.8402,-3.9807,-3.9807,0.0,-1.3223,-1.7906,0.1517,0.6897,1.0231,87.9669,-1.0621,-2.3114,-0.2214,-1.0621,0.0,0.0,0.0,7260.0,6110.0,1150.0,237.0,1202.0,0.0,1439.0,-289.0,193.0,-96.0,10.0,-106.0,0.0,-106.0,0.0,-130.0,-38.0,-289.0,0.0,0.0,0.0,0.0,-1.08,-5.51,-13.52
2024-06-30,,,,,,,,,,,,,,,,,,,,,,,,,,,,,,,,,,,,,,,,,,,,,,,,,,,,,,,,,,,,,,,,,,,,,,,,,,,,,,,,,,,,,,,,,,5779.0,6431.0,9346.0,0.0,9165.0,30722.0,5168.0,2405.0,5279.0,2480.0,17329.0,48052.0,29065.0,0.0,8264.0,8938.0,38003.0,3.0,1294.0,-1031.0,0.0,10049.0,48052.0,1280.0,254.0,-808.0,-554.0,374.0,0.0,-19.0,2.0,757.0,979.0,-148.0,0.0,639.0,0.0,-15.0,-15.0,60.0,537.0,941.0,0.0,941.0,0.0,0.0,0.0,30.0,970.0,2524.0,0.0,0.0,1.057,0,1.057,0.0,0.0,20.746,6.4237,6.4237,0.0,19.5271,15.7728,0.1707,0.6957,1.2757,70.5497,12.7376,26.8344,2.6638,12.7376,36.5815,1.9245,0.6259,8204.0,6502.0,1702.0,237.0,938.0,0.0,1175.0,527.0,1075.0,1602.0,322.0,1280.0,0.0,1280.0,0.0,1294.0,781.0,527.0,274.0,278.0,4.72,4.65,3.35,16.77,38.87
2024-09-30,,,,,,,,,,,,,,,,,,,,,,,,,,,,,,,,,,,,,,,,,,,,,,,,,,,,,,,,,,,,,,,,,,,,,,,,,,,,,,,,,,,,,,,,,,7395.0,7226.0,9377.0,0.0,9142.0,33141.0,5148.0,2376.0,5313.0,2758.0,17712.0,50853.0,31233.0,0.0,8280.0,9103.0,40336.0,3.0,1198.0,-1031.0,0.0,10517.0,50853.0,-99.0,398.0,-319.0,79.0,-654.0,0.0,18.0,375.0,615.0,1127.0,-156.0,0.0,0.0,0.0,-1.0,-1.0,43.0,-114.0,-31.0,0.0,-31.0,0.0,0.0,0.0,615.0,585.0,1616.0,0.0,0.0,1.061,0,1.0611,0.0,0.0,12.4425,-4.039,-4.039,0.0,-1.3688,-1.0771,0.1753,0.8322,1.2335,72.9653,-0.9412,-1.9024,-0.1947,-0.9413,38.1565,4.1191,3.5377,8913.0,7804.0,1109.0,243.0,1226.0,0.0,1469.0,-360.0,237.0,-122.0,-23.0,-99.0,0.0,-99.0,0.0,-96.0,38.0,-360.0,275.0,275.0,-0.35,-0.35,2.62,13.0,28.98
