Date,High,Low,Close,Volume,return_2m,return_3m,return_4m,return_5m,return_6m,return_8m,return_12m,expected_return_50d_US3Y,expected_return_50d_US5Y,expected_return_50d_US7Y,expected_return_50d_US10Y,expected_return_50d_US20Y,expected_return_50d_US30Y,expected_return_70d_US3Y,expected_return_70d_US5Y,expected_return_70d_US7Y,expected_return_70d_US10Y,expected_return_70d_US20Y,expected_return_70d_US30Y,expected_return_100d_US3Y,expected_return_100d_US5Y,expected_return_100d_US7Y,expected_return_100d_US10Y,expected_return_100d_US20Y,expected_return_100d_US30Y,expected_return_120d_US3Y,expected_return_120d_US5Y,expected_return_120d_US7Y,expected_return_120d_US10Y,expected_return_120d_US20Y,expected_return_120d_US30Y,expected_return_150d_US3Y,expected_return_150d_US5Y,expected_return_150d_US7Y,expected_return_150d_US10Y,expected_return_150d_US20Y,expected_return_150d_US30Y,expected_return_180d_US3Y,expected_return_180d_US5Y,expected_return_180d_US7Y,expected_return_180d_US10Y,expected_return_180d_US20Y,expected_return_180d_US30Y,expected_return_200d_US3Y,expected_return_200d_US5Y,expected_return_200d_US7Y,expected_return_200d_US10Y,expected_return_200d_US20Y,expected_return_200d_US30Y,expected_return_220d_US3Y,expected_return_220d_US5Y,expected_return_220d_US7Y,expected_return_220d_US10Y,expected_return_220d_US20Y,expected_return_220d_US30Y,expected_return_250d_US3Y,expected_return_250d_US5Y,expected_return_250d_US7Y,expected_return_250d_US10Y,expected_return_250d_US20Y,expected_return_250d_US30Y,expected_return_280d_US3Y,expected_return_280d_US5Y,expected_return_280d_US7Y,expected_return_280d_US10Y,expected_return_280d_US20Y,expected_return_280d_US30Y,expected_return_300d_US3Y,expected_return_300d_US5Y,expected_return_300d_US7Y,expected_return_300d_US10Y,expected_return_300d_US20Y,expected_return_300d_US30Y,expected_return_320d_US3Y,expected_return_320d_US5Y,expected_return_320d_US7Y,expected_return_320d_US10Y,expected_return_320d_US20Y,expected_return_320d_US30Y,expected_return_350d_US3Y,expected_return_350d_US5Y,expected_return_350d_US7Y,expected_return_350d_US10Y,expected_return_350d_US20Y,expected_return_350d_US30Y,Cash On Hand,Receivables,Inventory,Pre-Paid Expenses,Other Current Assets,Total Current Assets,"Property, Plant, And Equipment",Long-Term Investments,Goodwill And Intangible Assets,Other Long-Term Assets,Total Long-Term Assets,Total Assets,Total Current Liabilities,Long Term Debt,Other Non-Current Liabilities,Total Long Term Liabilities,Total Liabilities,Common Stock Net,Retained Earnings (Accumulated Deficit),Comprehensive Income,Other Share Holders Equity,Share Holder Equity,Total Liabilities And Share Holders Equity,Net Income/Loss,Total Depreciation And Amortization - Cash Flow,Other Non-Cash Items,Total Non-Cash Items,Change In Accounts Receivable,Change In Inventories,Change In Accounts Payable,Change In Assets/Liabilities,Total Change In Assets/Liabilities,Cash Flow From Operating Activities,"Net Change In Property, Plant, And Equipment",Net Change In Intangible Assets,Net Acquisitions/Divestitures,Net Change In Short-term Investments,Net Change In Long-Term Investments,Net Change In Investments - Total,Investing Activities - Other,Cash Flow From Investing Activities,Net Long-Term Debt,Net Current Debt,Debt Issuance/Retirement Net - Total,Net Common Equity Issued/Repurchased,Net Total Equity Issued/Repurchased,Total Common And Preferred Stock Dividends Paid,Financial Activities - Other,Cash Flow From Financial Activities,Net Cash Flow,Stock-Based Compensation,Common Stock Dividends Paid,Current Ratio_x,Debt to Equity ratio,Current Ratio_y,Long-term Debt / Capital,Debt/Equity Ratio,Gross Margin,Operating Margin,EBIT Margin,EBITDA Margin,Pre-Tax Profit Margin,Net Profit Margin,Asset Turnover,Inventory Turnover Ratio,Receiveable Turnover,Days Sales In Receivables,ROE - Return On Equity,Return On Tangible Equity,ROA - Return On Assets,ROI - Return On Investment,Book Value Per Share,Operating Cash Flow Per Share,Free Cash Flow Per Share,Revenue,Cost Of Goods Sold,Gross Profit,Research And Development Expenses,SG&A Expenses,Other Operating Income Or Expenses,Operating Expenses,Operating Income,Total Non-Operating Income/Expense,Pre-Tax Income,Income Taxes,Income After Taxes,Other Income,Income From Continuous Operations,Income From Discontinued Operations,Net Income,EBITDA,EBIT,Basic Shares Outstanding,Shares Outstanding,Basic EPS,EPS - Earnings Per Share,Return on Assets,Return on Equity,Return on Tangible Equity
2009-03-31,,,,,,,,,,,,,,,,,,,,,,,,,,,,,,,,,,,,,,,,,,,,,,,,,,,,,,,,,,,,,,,,,,,,,,,,,,,,,,,,,,,,,,,,,,519.0,616.0,746.0,0.0,117.0,1998.0,3441.0,0.0,800.0,1256.0,6142.0,8140.0,1185.0,2299.0,958.0,4147.0,5332.0,2.0,89.0,-408.0,0.0,2808.0,8140.0,-79.0,111.0,19.0,130.0,0.0,0.0,0.0,40.0,40.0,91.0,-41.0,0.0,0.0,0.0,0.0,0.0,-2.0,-43.0,-1.0,-25.0,-26.0,0.0,0.0,-39.0,-3.0,-68.0,-30.0,0.0,-39.0,1.686,0.819,1.6861,0.4502,0.8529,11.8168,-3.4712,-3.4712,0.0,-6.7208,-5.8346,0.1663,1.6005,2.1981,40.9454,-2.8134,-3.9343,-0.9705,-1.5469,21.0411,0.6819,0.3746,1354.0,1194.0,160.0,0.0,207.0,0.0,207.0,-47.0,-44.0,-91.0,-12.0,-79.0,0.0,-79.0,0.0,-79.0,64.0,-47.0,133.458,133.458,-0.5897,-0.5897,,,
2009-06-30,,,,,,,,,,,,,,,,,,,,,,,,,,,,,,,,,,,,,,,,,,,,,,,,,,,,,,,,,,,,,,,,,,,,,,,,,,,,,,,,,,,,,,,,,,623.0,787.0,783.0,0.0,155.0,2348.0,3447.0,0.0,812.0,1293.0,6274.0,8622.0,1331.0,2291.0,989.0,4219.0,5550.0,2.0,135.0,-197.0,0.0,3072.0,8622.0,125.0,112.0,-32.0,80.0,0.0,0.0,0.0,-30.0,-30.0,175.0,-42.0,0.0,0.0,0.0,0.0,0.0,-22.0,-64.0,-10.0,7.0,-3.0,0.0,0.0,-40.0,3.0,-40.0,104.0,0.0,-40.0,1.764,0.746,1.7641,0.4272,0.7799,16.0615,2.3743,2.3743,0.0,11.7318,8.7291,0.1661,1.5351,1.8196,49.4623,4.069,5.531,1.4498,2.3308,23.0166,1.2905,0.9823,1432.0,1202.0,230.0,0.0,196.0,0.0,196.0,34.0,134.0,168.0,43.0,125.0,0.0,125.0,0.0,125.0,146.0,34.0,133.614,134.862,0.9231,0.9231,,,
2009-09-30,,,,,,,,,,,,,,,,,,,,,,,,,,,,,,,,,,,,,,,,,,,,,,,,,,,,,,,,,,,,,,,,,,,,,,,,,,,,,,,,,,,,,,,,,,765.0,884.0,737.0,0.0,120.0,2506.0,3427.0,0.0,819.0,1285.0,6320.0,8826.0,1286.0,2222.0,1000.0,4211.0,5497.0,2.0,263.0,-73.0,0.0,3329.0,8826.0,128.0,90.0,48.0,138.0,0.0,0.0,0.0,14.0,14.0,280.0,-12.0,0.0,-15.0,0.0,0.0,0.0,-3.0,-30.0,-66.0,-18.0,-84.0,0.0,0.0,-39.0,-4.0,-127.0,142.0,0.0,-39.0,1.949,0.667,1.9487,0.4003,0.6987,20.6349,8.9286,8.9286,0.0,11.6402,8.4656,0.1713,1.6282,1.7104,52.6191,3.6648,4.8606,1.3823,2.1978,24.9381,2.0599,1.9738,1512.0,1200.0,312.0,0.0,177.0,0.0,177.0,135.0,41.0,176.0,54.0,122.0,0.0,122.0,6.0,128.0,225.0,135.0,133.692,135.408,0.9615,0.9487,,,
2009-12-31,,,,,,,,,,,,,,,,,,,,,,,,,,,,,,,,,,,,,,,,,,,,,,,,,,,,,,,,,,,,,,,,,,,,,,,,,,,,,,,,,,,,,,,,,,850.0,839.0,523.0,0.0,148.0,2530.0,3301.0,0.0,802.0,1255.0,6491.0,9021.0,1245.0,2153.0,1169.0,4353.0,5598.0,2.0,275.0,-1.0,0.0,3423.0,9021.0,51.0,93.0,35.0,128.0,0.0,0.0,0.0,151.0,151.0,330.0,-71.0,0.0,0.0,0.0,0.0,0.0,-1.0,-72.0,-108.0,-20.0,-128.0,3.0,3.0,-39.0,-6.0,-170.0,85.0,0.0,-39.0,2.032,0.629,2.0321,0.3861,0.6328,23.2852,7.491,7.491,0.0,12.5451,4.6029,0.1228,1.6252,1.3206,68.1498,2.1034,2.747,0.7981,1.2912,25.6253,2.452,1.9248,1108.0,850.0,258.0,0.0,175.0,0.0,175.0,83.0,56.0,139.0,67.0,72.0,0.0,72.0,-21.0,51.0,176.0,83.0,133.614,135.096,0.3846,0.3846,2.6,7.12,9.58
2010-03-31,,,,,,,,,,,,,,,,,,,,,,,,,,,,,,,,,,,,,,,,,,,,,,,,,,,,,,,,,,,,,,,,,,,,,,,,,,,,,,,,,,,,,,,,,,731.0,765.0,641.0,0.0,155.0,2292.0,3374.0,0.0,809.0,1276.0,6447.0,8739.0,1085.0,2149.0,1132.0,4311.0,5396.0,2.0,260.0,-45.0,0.0,3343.0,8739.0,24.0,96.0,-62.0,34.0,0.0,0.0,0.0,-66.0,-66.0,-8.0,-34.0,0.0,0.0,0.0,0.0,0.0,10.0,-24.0,-16.0,13.0,-3.0,-24.0,-24.0,-39.0,-1.0,-67.0,-119.0,0.0,-39.0,2.112,0.643,2.1124,0.3913,0.6476,18.3043,5.309,5.309,0.0,2.2187,1.9017,0.1444,1.6084,1.6497,54.5563,0.8675,1.1444,0.3318,0.528,25.0903,-0.059,-0.3096,1262.0,1031.0,231.0,0.0,164.0,0.0,164.0,67.0,-39.0,28.0,-1.0,29.0,0.0,29.0,-5.0,24.0,163.0,67.0,133.692,135.642,0.1795,0.1795,3.73,9.96,13.22
2010-06-30,,,,,,,,,,,,,,,,,,,,,,,,,,,,,,,,,,,,,,,,,,,,,,,,,,,,,,,,,,,,,,,,,,,,,,,,,,,,,,,,,,,,,,,,,,659.0,866.0,690.0,0.0,161.0,2376.0,3291.0,0.0,798.0,1246.0,6237.0,8613.0,1206.0,2136.0,1131.0,4252.0,5458.0,2.0,231.0,-211.0,0.0,3155.0,8613.0,52.0,99.0,-27.0,72.0,0.0,0.0,0.0,-54.0,-54.0,70.0,-29.0,0.0,0.0,0.0,0.0,0.0,-20.0,-49.0,-16.0,-8.0,-24.0,-3.0,-3.0,-40.0,1.0,-66.0,-72.0,0.0,-40.0,1.97,0.677,1.9701,0.4037,0.6818,20.9937,9.1673,9.1673,0.0,6.2281,3.499,0.1659,1.6362,1.6501,54.5416,1.8384,2.4608,0.6734,1.0962,23.6804,0.5174,0.3022,1429.0,1129.0,300.0,0.0,169.0,0.0,169.0,131.0,-42.0,89.0,31.0,58.0,0.0,58.0,-6.0,50.0,230.0,131.0,133.38,135.252,0.3718,0.3718,2.88,7.64,10.1
2010-09-30,,,,,,,,,,,,,,,,,,,,,,,,,,,,,,,,,,,,,,,,,,,,,,,,,,,,,,,,,,,,,,,,,,,,,,,,,,,,,,,,,,,,,,,,,,774.0,831.0,687.0,0.0,141.0,2433.0,3242.0,0.0,802.0,1207.0,6215.0,8648.0,1168.0,2038.0,1234.0,4235.0,5403.0,2.0,215.0,-56.0,0.0,3245.0,8648.0,-14.0,97.0,186.0,283.0,0.0,0.0,0.0,-4.0,-4.0,265.0,-47.0,0.0,0.0,0.0,0.0,0.0,53.0,6.0,-96.0,2.0,-94.0,-59.0,-59.0,-39.0,-2.0,-194.0,115.0,0.0,-39.0,2.083,0.628,2.083,0.3858,0.633,23.2048,10.3723,10.3723,0.0,7.4468,-0.9973,0.1739,1.6812,1.8099,49.7274,3.3898,4.5027,1.272,2.0822,24.7283,1.9719,1.6202,1504.0,1155.0,349.0,0.0,193.0,0.0,193.0,156.0,-44.0,112.0,2.0,110.0,0.0,110.0,-124.0,-15.0,253.0,156.0,132.756,134.55,-0.1154,-0.1154,1.26,3.34,4.42
2010-12-31,,,,,,,,,,,,,,,,,,,,,,,,,,,,,,,,,,,,,,,,,,,,,,,,,,,,,,,,,,,,,,,,,,,,,,,,,,,,,,,,,,,,,,,,,,790.0,827.0,642.0,0.0,131.0,2446.0,3255.0,0.0,812.0,1224.0,6368.0,8814.0,1226.0,2042.0,1265.0,4282.0,5508.0,2.0,219.0,-10.0,0.0,3306.0,8814.0,48.0,68.0,10.0,78.0,0.0,0.0,0.0,93.0,93.0,219.0,-88.0,0.0,-49.0,0.0,0.0,0.0,-16.0,-153.0,-2.0,-8.0,-10.0,1.0,1.0,-42.0,-1.0,-52.0,16.0,0.0,-42.0,1.995,0.618,1.9951,0.3818,0.6198,10.6525,0.9321,0.9321,0.0,-3.9947,6.2583,0.0852,1.0452,0.9081,99.1079,-0.2117,-0.2807,-0.0794,-0.1309,25.1792,1.623,0.9706,751.0,671.0,80.0,0.0,73.0,0.0,73.0,7.0,-37.0,-30.0,-23.0,-7.0,0.0,-7.0,55.0,47.0,75.0,7.0,132.834,134.706,0.359,0.359,1.22,3.25,4.31
2011-03-31,,,,,,,,,,,,,,,,,,,,,,,,,,,,,,,,,,,,,,,,,,,,,,,,,,,,,,,,,,,,,,,,,,,,,,,,,,,,,,,,,,,,,,,,,,675.0,713.0,742.0,0.0,128.0,2258.0,3308.0,0.0,821.0,1242.0,6449.0,8707.0,1038.0,2026.0,1247.0,4254.0,5292.0,2.0,241.0,59.0,0.0,3415.0,8707.0,66.0,99.0,-33.0,66.0,0.0,0.0,0.0,-147.0,-147.0,-15.0,-111.0,0.0,0.0,0.0,0.0,0.0,44.0,-67.0,-15.0,-3.0,-18.0,10.0,10.0,-42.0,0.0,-50.0,-115.0,0.0,-42.0,2.175,0.593,2.1753,0.3724,0.5953,23.1502,9.6703,9.6703,0.0,7.8388,4.7619,0.1568,1.4137,1.9144,47.011,2.1083,2.7756,0.8269,1.3233,25.8359,-0.1114,-0.9354,1365.0,1049.0,316.0,0.0,184.0,0.0,184.0,132.0,-25.0,107.0,35.0,72.0,0.0,72.0,-6.0,65.0,231.0,132.0,131.82,134.706,0.4872,0.4872,1.69,4.48,5.95
2011-06-30,,,,,,,,,,,,,,,,,,,,,,,,,,,,,,,,,,,,,,,,,,,,,,,,,,,,,,,,,,,,,,,,,,,,,,,,,,,,,,,,,,,,,,,,,,668.0,839.0,799.0,0.0,120.0,2426.0,3382.0,0.0,826.0,1254.0,6567.0,8993.0,1430.0,1785.0,1262.0,4050.0,5480.0,2.0,244.0,116.0,0.0,3513.0,8993.0,90.0,86.0,52.0,138.0,0.0,0.0,0.0,-76.0,-76.0,152.0,-144.0,0.0,0.0,0.0,0.0,0.0,7.0,-137.0,-22.0,3.0,-19.0,25.0,25.0,-43.0,0.0,-37.0,-7.0,0.0,-43.0,1.697,0.508,1.6965,0.3369,0.5724,22.7636,10.1818,10.1818,0.0,7.3455,6.4727,0.1529,1.3292,1.6389,54.9164,1.9926,2.6051,0.7784,1.3213,26.398,1.1179,0.0685,1375.0,1062.0,313.0,0.0,173.0,0.0,173.0,140.0,-39.0,101.0,31.0,70.0,0.0,70.0,20.0,89.0,226.0,140.0,132.912,136.11,0.6667,0.6538,2.12,5.52,7.28
2011-09-30,,,,,,,,,,,,,,,,,,,,,,,,,,,,,,,,,,,,,,,,,,,,,,,,,,,,,,,,,,,,,,,,,,,,,,,,,,,,,,,,,,,,,,,,,,757.0,810.0,748.0,0.0,108.0,2423.0,3361.0,0.0,809.0,1194.0,6496.0,8919.0,1418.0,1849.0,1230.0,4072.0,5490.0,2.0,360.0,-95.0,0.0,3429.0,8919.0,118.0,91.0,-25.0,66.0,0.0,0.0,0.0,66.0,66.0,250.0,-151.0,0.0,0.0,0.0,0.0,0.0,-10.0,-161.0,76.0,4.0,80.0,1.0,1.0,-42.0,4.0,43.0,89.0,0.0,-42.0,1.709,0.539,1.7087,0.3503,0.6089,22.7498,11.3395,11.3395,0.0,8.7881,8.292,0.1582,1.4572,1.742,51.6655,2.508,3.2824,0.9642,1.6294,25.7489,1.8384,0.7272,1411.0,1090.0,321.0,0.0,161.0,0.0,161.0,160.0,-36.0,124.0,38.0,86.0,0.0,86.0,32.0,117.0,251.0,160.0,133.38,136.032,0.8718,0.859,3.59,9.31,12.24
2011-12-31,,,,,,,,,,,,,,,,,,,,,,,,,,,,,,,,,,,,,,,,,,,,,,,,,,,,,,,,,,,,,,,,,,,,,,,,,,,,,,,,,,,,,,,,,,656.0,591.0,579.0,0.0,74.0,2253.0,3442.0,0.0,668.0,1122.0,6557.0,8810.0,1486.0,1880.0,1244.0,4123.0,5609.0,2.0,292.0,-265.0,0.0,3201.0,8810.0,-24.0,85.0,-27.0,58.0,0.0,0.0,0.0,139.0,139.0,173.0,-190.0,0.0,-70.0,0.0,0.0,0.0,-18.0,-278.0,32.0,28.0,60.0,2.0,2.0,-43.0,-1.0,18.0,-101.0,0.0,-43.0,1.516,0.587,1.5162,0.37,0.6667,10.0195,-4.6693,-4.6693,0.0,-7.8794,-2.4319,0.1167,1.5976,1.7394,51.7413,-1.4683,-1.8555,-0.5335,-0.925,24.0174,1.2789,-0.1254,1028.0,925.0,103.0,0.0,151.0,0.0,151.0,-48.0,-33.0,-81.0,-34.0,-47.0,0.0,-47.0,23.0,-25.0,37.0,-48.0,132.912,135.798,-0.1667,-0.1795,2.78,7.26,9.43
2012-03-31,,,,,,,,,,,,,,,,,,,,,,,,,,,,,,,,,,,,,,,,,,,,,,,,,,,,,,,,,,,,,,,,,,,,,,,,,,,,,,,,,,,,,,,,,,483.0,723.0,742.0,0.0,113.0,2061.0,3594.0,0.0,836.0,1207.0,6637.0,8698.0,1375.0,1879.0,1295.0,4072.0,5447.0,2.0,298.0,-225.0,0.0,3251.0,8698.0,50.0,92.0,90.0,182.0,0.0,0.0,0.0,-211.0,-211.0,21.0,-147.0,0.0,0.0,0.0,0.0,0.0,-4.0,-151.0,-3.0,-16.0,-19.0,12.0,12.0,-43.0,-1.0,-51.0,-173.0,0.0,-43.0,1.499,0.578,1.4989,0.3663,0.6561,20.7921,8.5301,8.5301,0.0,6.1691,3.7319,0.151,1.4016,1.816,49.5583,1.5687,2.1118,0.5863,0.9942,24.1152,0.1536,-0.9215,1313.0,1040.0,273.0,0.0,161.0,0.0,161.0,112.0,-31.0,81.0,30.0,51.0,0.0,51.0,-1.0,49.0,204.0,112.0,134.082,136.734,0.3718,0.359,2.6,6.87,8.97
2012-06-30,,,,,,,,,,,,,,,,,,,,,,,,,,,,,,,,,,,,,,,,,,,,,,,,,,,,,,,,,,,,,,,,,,,,,,,,,,,,,,,,,,,,,,,,,,531.0,666.0,643.0,0.0,113.0,1953.0,3497.0,0.0,662.0,1084.0,6337.0,8290.0,1077.0,1866.0,1239.0,4027.0,5104.0,2.0,269.0,-285.0,0.0,3186.0,8290.0,90.0,91.0,-49.0,42.0,0.0,0.0,0.0,-39.0,-39.0,93.0,-171.0,0.0,0.0,0.0,0.0,0.0,-64.0,-235.0,-225.0,2.0,-223.0,12.0,12.0,-43.0,462.0,208.0,48.0,0.0,-43.0,1.813,0.586,1.8134,0.3694,0.5948,22.8391,10.26,10.26,0.0,8.2923,6.1841,0.1717,1.7076,2.1366,42.1223,2.511,3.1696,0.965,1.5835,23.5422,0.6735,-0.5586,1423.0,1098.0,325.0,0.0,179.0,0.0,179.0,146.0,-28.0,118.0,38.0,80.0,0.0,80.0,10.0,88.0,237.0,146.0,135.408,137.826,0.6538,0.641,2.64,7.01,9.08
2012-09-30,,,,,,,,,,,,,,,,,,,,,,,,,,,,,,,,,,,,,,,,,,,,,,,,,,,,,,,,,,,,,,,,,,,,,,,,,,,,,,,,,,,,,,,,,,745.0,693.0,654.0,0.0,125.0,2217.0,3592.0,0.0,666.0,1087.0,6473.0,8690.0,1082.0,2093.0,1251.0,4280.0,5362.0,2.0,334.0,-241.0,0.0,3328.0,8690.0,51.0,90.0,-10.0,80.0,0.0,0.0,0.0,-14.0,-14.0,117.0,-139.0,0.0,0.0,0.0,0.0,0.0,-2.0,-141.0,256.0,-7.0,249.0,25.0,25.0,-44.0,2.0,232.0,214.0,0.0,-44.0,2.049,0.629,2.049,0.3861,0.6442,21.5054,10.0358,10.0358,0.0,7.4552,3.6559,0.1605,1.6743,2.013,44.7097,2.0132,2.5169,0.771,1.2359,24.417,0.8414,-0.1523,1395.0,1095.0,300.0,0.0,160.0,0.0,160.0,140.0,-36.0,104.0,37.0,67.0,0.0,67.0,-16.0,51.0,230.0,140.0,135.876,138.45,0.3718,0.359,1.89,5.03,6.43
2012-12-31,,,,,,,,,,,,,,,,,,,,,,,,,,,,,,,,,,,,,,,,,,,,,,,,,,,,,,,,,,,,,,,,,,,,,,,,,,,,,,,,,,,,,,,,,,663.0,605.0,661.0,0.0,135.0,2066.0,3593.0,0.0,719.0,1125.0,6842.0,8908.0,1106.0,2100.0,1295.0,4444.0,5550.0,2.0,288.0,-184.0,0.0,3358.0,8908.0,17.0,93.0,11.0,104.0,0.0,0.0,0.0,86.0,86.0,207.0,-168.0,0.0,-101.0,0.0,0.0,0.0,-3.0,-272.0,2.0,17.0,19.0,12.0,12.0,-43.0,1.0,-11.0,-82.0,0.0,-43.0,1.868,0.625,1.868,0.3848,0.6441,11.4187,-4.3253,-4.3253,0.0,-8.045,1.4706,0.1298,1.5492,1.9107,47.1021,-1.2507,-1.5915,-0.4715,-0.7695,24.5395,1.5005,0.2794,1156.0,1024.0,132.0,0.0,182.0,0.0,182.0,-50.0,-43.0,-93.0,-51.0,-42.0,0.0,-42.0,59.0,17.0,43.0,-50.0,135.564,138.216,0.1154,0.1282,2.37,6.25,8.01
2013-03-31,,,,,,,,,,,,,,,,,,,,,,,,,,,,,,,,,,,,,,,,,,,,,,,,,,,,,,,,,,,,,,,,,,,,,,,,,,,,,,,,,,,,,,,,,,417.0,674.0,689.0,0.0,172.0,1952.0,3736.0,0.0,718.0,1105.0,6853.0,8805.0,1033.0,2085.0,1300.0,4401.0,5434.0,2.0,275.0,-194.0,0.0,3371.0,8805.0,12.0,97.0,-14.0,83.0,0.0,0.0,0.0,-182.0,-182.0,-87.0,-110.0,0.0,0.0,0.0,0.0,0.0,-2.0,-112.0,-17.0,-11.0,-28.0,28.0,28.0,-44.0,1.0,-43.0,-246.0,0.0,-44.0,1.89,0.619,1.8896,0.3821,0.6408,14.9504,2.1358,2.1358,0.0,-0.5339,0.8391,0.1489,1.6183,1.9451,46.27,-0.0297,-0.0377,-0.0114,-0.0183,24.4338,-0.6323,-1.4318,1311.0,1115.0,196.0,0.0,168.0,0.0,168.0,28.0,-35.0,-7.0,-6.0,-1.0,0.0,-1.0,13.0,11.0,125.0,28.0,137.592,137.592,0.0769,0.0769,1.93,5.04,6.38
2013-06-30,,,,,,,,,,,,,,,,,,,,,,,,,,,,,,,,,,,,,,,,,,,,,,,,,,,,,,,,,,,,,,,,,,,,,,,,,,,,,,,,,,,,,,,,,,431.0,690.0,664.0,0.0,148.0,1933.0,3680.0,0.0,714.0,1107.0,6868.0,8801.0,1112.0,2049.0,1271.0,4371.0,5483.0,2.0,257.0,-225.0,0.0,3318.0,8801.0,68.0,96.0,6.0,102.0,0.0,0.0,0.0,29.0,29.0,199.0,-110.0,0.0,-2.0,0.0,0.0,0.0,-4.0,-116.0,-24.0,15.0,-9.0,8.0,8.0,-44.0,-12.0,-57.0,14.0,0.0,-44.0,1.738,0.618,1.7383,0.3818,0.6441,17.0504,5.6115,5.6115,0.0,3.3094,5.1079,0.1579,1.7364,2.0145,44.6763,1.4768,1.8817,0.5568,0.913,23.9832,1.4287,0.6638,1390.0,1153.0,237.0,0.0,159.0,0.0,159.0,78.0,-32.0,46.0,-3.0,49.0,0.0,49.0,19.0,71.0,174.0,78.0,138.45,140.634,0.5128,0.5,1.7,4.49,5.68
2013-09-30,,,,,,,,,,,,,,,,,,,,,,,,,,,,,,,,,,,,,,,,,,,,,,,,,,,,,,,,,,,,,,,,,,,,,,,,,,,,,,,,,,,,,,,,,,462.0,691.0,665.0,0.0,121.0,1939.0,3718.0,0.0,717.0,1102.0,6957.0,8896.0,1053.0,2038.0,1269.0,4399.0,5452.0,2.0,337.0,-188.0,0.0,3444.0,8896.0,80.0,96.0,-17.0,79.0,0.0,0.0,0.0,-11.0,-11.0,148.0,-75.0,0.0,0.0,0.0,0.0,0.0,-12.0,-87.0,-7.0,15.0,8.0,10.0,10.0,-45.0,-2.0,-29.0,31.0,0.0,-45.0,1.841,0.592,1.8414,0.3718,0.6176,20.537,9.1437,9.1437,0.0,41.4877,41.0087,0.1549,1.6466,1.9942,45.1306,18.104,22.864,7.0088,11.3736,24.8287,0.9832,-0.1779,1378.0,1095.0,283.0,0.0,157.0,0.0,157.0,126.0,-26.0,100.0,39.0,61.0,0.0,61.0,19.0,80.0,222.0,126.0,138.84,141.024,0.5769,0.5641,2.02,5.31,6.74
2013-12-31,,,,,,,,,,,,,,,,,,,,,,,,,,,,,,,,,,,,,,,,,,,,,,,,,,,,,,,,,,,,,,,,,,,,,,,,,,,,,,,,,,,,,,,,,,1057.0,625.0,686.0,0.0,108.0,2476.0,3647.0,0.0,716.0,1971.0,7809.0,10285.0,1176.0,1816.0,1846.0,5010.0,6186.0,2.0,950.0,-180.0,0.0,4099.0,10285.0,678.0,101.0,-684.0,-583.0,0.0,0.0,0.0,82.0,82.0,177.0,-159.0,0.0,0.0,0.0,0.0,0.0,63.0,-96.0,-237.0,16.0,-221.0,-118.0,-118.0,-44.0,905.0,522.0,595.0,0.0,-44.0,2.105,0.443,2.1054,0.307,0.4623,18.626,6.8702,6.8702,0.0,6.3359,51.6794,0.1274,1.5539,2.096,42.9389,5.1232,6.2075,2.0418,3.5503,30.1252,1.3329,0.8248,1310.0,1066.0,244.0,0.0,154.0,0.0,154.0,90.0,-7.0,83.0,-127.0,210.0,0.0,210.0,468.0,677.0,353.2,90.0,138.216,140.4,4.9103,4.8333,9.12,23.58,29.52
2014-03-31,,,,,,,,,,,,,,,,,,,,,,,,,,,,,,,,,,,,,,,,,,,,,,,,,,,,,,,,,,,,,,,,,,,,,,,,,,,,,,,,,,,,,,,,,,332.0,735.0,731.0,0.0,128.0,1926.0,3646.0,0.0,718.0,1958.0,7829.0,9755.0,1037.0,1849.0,1857.0,5059.0,6096.0,2.0,761.0,-160.0,0.0,3659.0,9755.0,31.0,93.0,-119.0,-26.0,0.0,0.0,0.0,-213.0,-213.0,-208.0,-63.0,0.0,0.0,0.0,0.0,0.0,3.0,-60.0,30.0,17.0,47.0,-292.0,-292.0,-218.0,3.0,-460.0,-725.0,0.0,-218.0,1.857,0.505,1.8573,0.3357,0.5286,18.6838,6.5053,6.5053,0.0,3.4796,2.3449,0.1355,1.4706,1.7986,50.0378,0.8472,1.0541,0.3178,0.5628,27.9621,-1.537,-2.0025,1322.0,1075.0,247.0,0.0,161.0,0.0,161.0,86.0,-40.0,46.0,15.0,31.0,0.0,31.0,0.0,31.0,179.0,86.0,133.146,135.33,0.2308,0.2308,9.11,23.66,29.48
2014-06-30,,,,,,,,,,,,,,,,,,,,,,,,,,,,,,,,,,,,,,,,,,,,,,,,,,,,,,,,,,,,,,,,,,,,,,,,,,,,,,,,,,,,,,,,,,339.0,793.0,727.0,0.0,113.0,1972.0,3639.0,0.0,715.0,1959.0,7846.0,9818.0,1118.0,1787.0,754.0,5010.0,6128.0,2.0,750.0,-144.0,0.0,3690.0,9818.0,297.5,340.3,103.1,443.4,104.0,-22.1,0.0,185.6,216.2,957.1,-290.0,0.0,-393.9,0.0,0.0,0.0,3.8,-680.1,115.9,-17.0,98.9,205.3,205.3,140.5,9.5,454.2,728.6,29.4,140.5,1.764,0.484,1.7639,0.3263,0.5081,19.3449,9.1272,9.1272,0.0,8.3488,5.2669,0.2578,2.8078,3.1916,28.1995,3.6423,4.5176,1.3689,2.4539,28.0978,6.6678,4.7155,2530.9,2041.3,489.5999,0.0,245.3,0.0,258.6,230.9998,-19.7,211.3,76.9,134.4,0.0,134.4,0.0,133.3,571.2997,230.9998,143.8,146.0,0.93,0.91,9.51,24.74,30.63
2014-09-30,,,,,,,,,,,,,,,,,,,,,,,,,,,,,,,,,,,,,,,,,,,,,,,,,,,,,,,,,,,,,,,,,,,,,,,,,,,,,,,,,,,,,,,,,,41.4,1118.7,1029.2,0.0,243.2,2432.5,5832.6,0.0,2617.5,157.1,8607.199,11039.7,1360.5,2852.1,180.6,5371.8,6732.3,1.4,1960.9,-495.3,0.0,4307.4,11039.7,-116.5,-154.3,-161.1,-315.4,-104.0,22.1,0.0,-202.6,-233.2,-665.1,180.0,0.0,393.9,0.0,0.0,0.0,30.2,604.1,-164.9,12.0,-152.9,-213.3,-213.3,-224.5,-4.5,-595.2,-660.6,-29.4,-224.5,1.788,0.662,1.7879,0.3984,0.6929,22.6839,12.8747,12.8747,0.0,10.0817,7.2207,0.133,1.1028,1.3122,68.5851,2.4841,6.3317,0.9692,1.4945,30.7671,-4.5032,-3.3779,1468.0,1135.0,333.0,0.0,144.0,0.0,144.0,189.0,-41.0,148.0,41.0,107.0,0.0,107.0,1.0,106.0,34.7,189.0,131.664,133.848,0.8077,0.7821,9.26,24.04,34.47
2014-12-31,,,,,,,,,,,,,,,,,,,,,,,,,,,,,,,,,,,,,,,,,,,,,,,,,,,,,,,,,,,,,,,,,,,,,,,,,,,,,,,,,,,,,,,,,,454.0,608.0,673.0,0.0,239.0,1974.0,3422.0,0.0,692.0,1902.0,7390.0,9364.0,1029.0,1790.0,695.0,4927.0,5956.0,2.0,866.0,-486.0,0.0,3408.0,9364.0,-86.4,-127.2,246.7,119.5,94.8,-19.1,0.0,224.6,215.3,248.4,49.6,0.0,0.0,0.0,0.0,0.0,-36.8,12.8,-155.0,-12.0,-167.0,293.1,293.1,274.5,-8.0,392.6,657.2,10.7,274.5,1.918,0.525,1.9184,0.3444,0.5493,18.6739,8.2929,8.2929,0.0,7.4616,4.9757,0.2685,3.0382,4.1352,21.7644,3.6854,4.6244,1.3413,2.4163,26.1321,1.7001,2.1285,2514.2,2044.7,469.5,0.0,243.7,0.0,261.0,208.5002,-20.9,187.6,62.0,125.6,0.0,125.6,0.0,125.1,81.3003,208.5002,140.3,142.8,0.89,0.88,3.95,10.49,15.31
2015-03-31,,,,,,,,,,,,,,,,,,,,,,,,,,,,,,,,,,,,,,,,,,,,,,,,,,,,,,,,,,,,,,,,,,,,,,,,,,,,,,,,,,,,,,,,,,262.0,688.0,681.0,0.0,232.0,1863.0,3306.0,0.0,680.0,1883.0,7270.0,9133.0,937.0,1810.0,672.0,4913.0,5850.0,2.0,857.0,-631.0,0.0,3283.0,9133.0,236.0,304.5,53.4,357.9,120.5,-22.1,0.0,-90.7,-43.1,550.8,-226.8,0.0,3.7,0.0,0.0,0.0,0.4,-222.7,-227.0,0.0,-227.0,-35.5,-35.5,-72.7,15.3,-319.9,7.1,21.4,-72.7,1.988,0.551,1.9883,0.3554,0.5739,18.6146,7.6275,7.6275,0.0,6.7682,4.4714,0.2689,2.9347,3.5692,25.2158,3.3628,4.2413,1.2088,2.1677,25.0824,3.8598,2.2705,2455.6,1998.5,457.1001,0.0,252.6,0.0,269.8,187.3,-21.1,166.2,55.8,110.4,0.0,110.4,0.0,109.8,491.8,187.3,140.8,142.7,0.78,0.77,4.82,12.91,18.99
2015-06-30,,,,,,,,,,,,,,,,,,,,,,,,,,,,,,,,,,,,,,,,,,,,,,,,,,,,,,,,,,,,,,,,,,,,,,,,,,,,,,,,,,,,,,,,,,50.5,1025.9,996.2,0.0,232.2,2304.8,5782.6,0.0,2541.4,206.9,8530.9,10835.7,1316.3,2514.5,166.6,4962.7,6279.0,1.4,2207.4,-532.5,0.0,4556.7,10835.7,157.9,155.0,-2.4,152.6,-51.5,14.3,0.0,-21.2,-44.7,265.8,-109.3,0.0,0.0,0.0,0.0,0.0,0.4,-108.9,-110.5,0.0,-110.5,2.2,2.2,-46.0,2.5,-151.8,3.5,7.1,-46.0,1.751,0.552,1.751,0.3556,0.5801,20.7295,10.5085,10.5085,0.0,9.6971,6.1601,0.2343,2.0203,2.4748,36.3665,3.4652,7.8351,1.4572,2.233,32.34,1.8627,1.0967,2538.9,2012.6,526.2999,0.0,246.8,0.0,259.5,266.7998,-20.6,246.2,88.3,157.9,0.0,157.9,0.0,156.4,421.7998,266.7998,141.1,142.7,1.11,1.1,2.46,6.39,11.015
2015-09-30,,,,,,,,,,,,,,,,,,,,,,,,,,,,,,,,,,,,,,,,,,,,,,,,,,,,,,,,,,,,,,,,,,,,,,,,,,,,,,,,,,,,,,,,,,215.1,1575.4,1761.0,0.0,261.7,4176.0,9159.8,0.0,7442.0,1806.0,21196.4,25372.4,2178.8,5558.2,1826.8,11409.7,13588.5,2.6,1661.6,-780.2,0.0,11783.9,25372.4,-393.9,-459.5,-51.0,-510.5,-69.0,7.8,0.0,111.9,87.8,-816.6,336.1,0.0,-3.7,0.0,0.0,0.0,-0.8,331.6,337.5,0.0,337.5,33.3,33.3,118.7,-17.8,471.7,-10.6,-28.5,118.7,1.917,0.472,0.0,0.0,0.0,0.0,0.0,0.0,0.0,0.0,0.0,0.0,0.0,0.0,0.0,0.0,0.0,0.0,0.0,0.0,-5.7225,-3.3672,0.0,0.0,0.0,0.0,0.0,0.0,0.0,0.0,0.0,0.0,0.0,0.0,0.0,0.0,0.0,0.0,0.0,0.0,0.0,0.0,0.0,0.0,2.46,6.39,11.015
2015-12-31,,,,,,,,,,,,,,,,,,,,,,,,,,,,,,,,,,,,,,,,,,,,,,,,,,,,,,,,,,,,,,,,,,,,,,,,,,,,,,,,,,,,,,,,,,244.2,1491.0,2027.4,0.0,245.7,4008.3,9762.7,0.0,8723.3,1806.5,20822.9,24831.2,2249.1,5631.7,661.6,11459.7,13708.8,2.6,1104.1,-827.5,0.0,11122.4,24831.2,-451.7,294.3,563.9,858.2,228.6,-59.5,0.0,15.5,116.5,523.0,-195.4,0.0,-308.0,0.0,-0.1,-0.1,0.1,-503.4,179.8,-0.4,179.4,-88.9,-88.9,-99.2,-1.1,-9.8,8.6,11.8,-99.2,1.782,0.506,1.7822,0.3361,0.523,18.8625,100.0,0.0,0.0,1.5932,-13.0658,0.1398,1.3891,2.3279,38.6615,0.2733,1.2671,0.1224,0.1814,43.6173,1.9954,1.2499,3470.9,2816.2,654.7,0.0,0.0,0.0,0.0,3470.9,0.0,55.3,24.9,0.0,0.0,30.4,-482.1,-453.5,3470.9,0.0,257.6,262.1,-1.76,-1.76,-1.07,-2.45,-6.62
2016-03-31,,,,,,,,,,,,,,,,,,,,,,,,,,,,,,,,,,,,,,,,,,,,,,,,,,,,,,,,,,,,,,,,,,,,,,,,,,,,,,,,,,,,,,,,,,374.9,1662.8,2058.9,0.0,352.6,4449.2,9787.3,0.0,8659.6,1829.3,20819.2,25268.4,2557.1,5858.3,1811.9,11636.5,14193.6,2.5,1060.3,-677.2,0.0,11074.8,25268.4,-391.9,1063.8,165.6,1229.4,113.5,-80.2,0.0,-66.1,-62.3,775.2,-408.9,0.0,-407.3,0.0,-0.4,-0.4,0.5,-816.1,644.2,0.2,644.4,-249.6,-249.6,-208.4,-0.1,186.3,139.3,30.2,-208.4,1.74,0.529,1.7399,0.346,0.5758,18.8193,4.3147,4.3147,0.0,2.6598,1.6291,0.1382,1.3771,2.1005,42.8471,0.5273,2.418,0.2311,0.3449,43.878,3.0117,1.4231,3492.7,2835.4,657.3,0.0,395.5,0.0,506.6,150.7,-57.8,92.9,34.5,58.4,0.0,58.4,1.4,56.9,1214.5,150.7,254.0,257.4,0.22,0.22,-0.37333333333333335,-0.8333333333333334,-2.876666666666667
2016-06-30,,,,,,,,,,,,,,,,,,,,,,,,,,,,,,,,,,,,,,,,,,,,,,,,,,,,,,,,,,,,,,,,,,,,,,,,,,,,,,,,,,,,,,,,,,266.0,1596.6,1691.1,0.0,331.5,3885.2,9345.2,0.0,7439.3,2231.6,19561.2,23446.4,2307.1,5513.9,1881.6,11116.5,13423.6,2.5,83.3,-611.4,0.0,10022.8,23446.4,93.7,383.3,26.6,409.9,-62.5,106.0,0.0,-20.6,28.0,531.6,-194.9,0.0,4.6,0.0,-178.1,-178.1,4.9,-363.5,-17.5,2.3,-15.2,-39.3,-39.3,-99.7,-123.3,-277.5,-108.9,21.6,-99.7,1.684,0.55,1.684,0.3549,0.5846,20.2224,8.0467,8.0467,0.0,7.0096,2.5664,0.1534,1.6966,2.2526,39.9539,1.5205,5.899,0.65,0.9809,39.8521,2.089,1.3209,3596.5,2869.2,727.3,0.0,394.8,0.0,437.9,289.3999,-37.3,252.1,99.7,152.4,0.0,152.4,-58.7,92.3,672.7,289.3999,252.7,256.2,0.37,0.36,-0.37333333333333335,-0.8333333333333334,-2.876666666666667
2016-09-30,,,,,,,,,,,,,,,,,,,,,,,,,,,,,,,,,,,,,,,,,,,,,,,,,,,,,,,,,,,,,,,,,,,,,,,,,,,,,,,,,,,,,,,,,,366.4,1592.2,1638.2,0.0,315.8,3912.6,9294.3,0.0,7377.4,2196.1,19125.6,23038.2,2183.0,5496.3,1916.4,11025.2,13208.2,2.5,-105.9,-626.4,0.0,9830.0,23038.2,298.2,-1447.1,-192.2,-1639.3,-51.0,-25.8,0.0,86.7,34.3,-1306.8,603.8,0.0,402.7,0.0,178.5,178.5,-5.4,1179.6,-626.7,-2.5,-629.2,288.9,288.9,308.1,123.4,91.2,-30.4,-51.8,308.1,1.792,0.559,0.0,0.0,0.0,0.0,0.0,0.0,0.0,0.0,0.0,0.0,0.0,0.0,0.0,0.0,0.0,0.0,0.0,0.0,-5.1007,-2.744,0.0,0.0,0.0,0.0,0.0,0.0,0.0,0.0,0.0,0.0,0.0,0.0,0.0,0.0,0.0,0.0,0.0,0.0,0.0,0.0,0.0,0.0,-0.37333333333333335,-0.8333333333333334,-2.876666666666667
2016-12-31,,,,,,,,,,,,,,,,,,,,,,,,,,,,,,,,,,,,,,,,,,,,,,,,,,,,,,,,,,,,,,,,,,,,,,,,,,,,,,,,,,,,,,,,,,500.6,1517.5,1656.3,0.0,360.8,4035.2,9079.1,0.0,7282.2,2203.1,18835.9,22871.1,2232.5,5483.8,1928.4,11008.6,13241.1,2.5,-139.2,-742.1,0.0,9630.0,22871.1,78.5,275.2,45.5,320.7,53.8,-45.3,0.0,-16.0,118.2,517.4,-171.4,0.0,3.5,0.0,-1.4,-1.4,8.8,-160.5,-1.5,-10.6,-12.1,-58.8,-58.8,-121.4,1.7,-190.6,152.4,17.1,-121.4,1.807,0.569,1.8075,0.3628,0.5989,17.1531,100.0,0.0,0.0,2.3816,2.3468,0.1507,1.7243,2.2716,39.6191,0.0,0.0,0.0,0.0,38.5046,2.0266,1.3553,3447.2,2855.9,591.3,0.0,0.0,0.0,0.0,3447.2,0.0,82.1,3.6,0.0,0.0,0.0,0.0,80.9,3447.2,0.0,251.2,255.3,0.32,0.32,0.97,2.27,9.39
2017-03-31,,,,,,,,,,,,,,,,,,,,,,,,,,,,,,,,,,,,,,,,,,,,,,,,,,,,,,,,,,,,,,,,,,,,,,,,,,,,,,,,,,,,,,,,,,391.2,1563.5,1587.9,0.0,1449.9,4992.5,8633.7,0.0,6740.6,2247.3,17957.6,22950.1,2321.1,5459.5,1934.1,10872.4,13193.5,2.5,-147.2,-601.6,0.0,9756.6,22950.1,176.7,539.1,127.0,666.1,-90.8,-50.7,0.0,-52.8,-25.7,817.1,-335.7,0.0,-31.7,0.0,-1.4,-1.4,11.8,-357.0,-109.1,0.0,-109.1,-85.8,-85.8,-223.2,8.4,-409.7,44.4,34.5,-223.2,2.151,0.56,2.1509,0.3588,0.5815,18.4722,5.1145,5.1145,0.0,3.8782,2.8198,0.1593,1.8773,2.3385,38.4856,1.0065,3.256,0.4279,0.6454,38.8709,3.2093,1.8908,3656.3,2980.9,675.4001,0.0,398.7,-42.7,488.4,187.0002,-45.2,141.8,43.6,98.2,0.0,98.2,0.0,103.1,726.1002,187.0002,251.2,254.6,0.41,0.4,0.39999999999999997,0.9366666666666666,3.5366666666666666
2017-06-30,,,,,,,,,,,,,,,,,,,,,,,,,,,,,,,,,,,,,,,,,,,,,,,,,,,,,,,,,,,,,,,,,,,,,,,,,,,,,,,,,,,,,,,,,,231.1,1902.4,1767.1,0.0,457.7,4358.3,9077.3,0.0,8791.5,2288.8,20511.7,24870.0,3058.9,5812.3,1975.9,11614.5,14673.4,2.5,79.3,-543.4,0.0,10196.6,24870.0,326.6,275.2,-153.7,121.5,-47.5,19.3,0.0,-14.9,141.0,589.1,-160.3,0.0,-409.3001,0.0,-0.8,-0.8,-0.6,-571.0,-77.6,11.2,-66.4,15.1,15.1,-124.3,-6.3,-181.9,-160.1,15.5,-124.3,1.425,0.57,1.4248,0.3631,0.6397,18.8197,6.3156,6.3156,0.0,10.48,8.8781,0.1486,1.6978,1.9426,46.3297,3.203,23.2439,1.3132,2.0401,40.1599,2.2987,1.6744,3695.6,3000.1,695.5,0.0,402.7,0.0,462.1,233.4001,153.9,387.3,60.7,326.6,0.0,326.6,0.0,328.1,508.6002,233.4001,252.1,255.3,1.3,1.29,0.39999999999999997,0.9366666666666666,3.5366666666666666
2017-09-30,,,,,,,,,,,,,,,,,,,,,,,,,,,,,,,,,,,,,,,,,,,,,,,,,,,,,,,,,,,,,,,,,,,,,,,,,,,,,,,,,,,,,,,,,,304.0,1886.8,1797.3,0.0,502.8,4490.9,9118.3,0.0,8857.6,2254.2,20598.1,25089.0,3009.8,5946.1,1899.3,11693.1,14702.9,2.5,172.4,-457.3,0.0,10386.1,25089.0,-503.3,-814.3,26.7,-787.6,138.3,31.4,0.0,67.7,-115.3,-1406.2,496.0,0.0,441.0001,0.0,2.2,2.2,-11.2,928.0,186.7,-11.2,175.5,70.7,70.7,347.5,-2.1,591.6,115.7,-50.0,347.5,1.492,0.573,0.0,0.0,0.0,0.0,0.0,0.0,0.0,0.0,0.0,0.0,0.0,0.0,0.0,0.0,0.0,0.0,0.0,0.0,-5.508,-3.5652,0.0,0.0,0.0,0.0,0.0,0.0,0.0,0.0,0.0,0.0,0.0,0.0,0.0,0.0,0.0,0.0,0.0,0.0,0.0,0.0,0.0,0.0,0.39999999999999997,0.9366666666666666,3.5366666666666666
2017-12-31,,,,,,,,,,,,,,,,,,,,,,,,,,,,,,,,,,,,,,,,,,,,,,,,,,,,,,,,,,,,,,,,,,,,,,,,,,,,,,,,,,,,,,,,,,312.3,1804.3,1869.2,0.0,479.4,4465.2,9063.9,0.0,8793.4,2429.6,20671.7,25136.9,3487.3,5365.8,2184.8,10256.0,13743.3,2.5,1196.8,-497.6,0.0,11393.6,25136.9,1133.5,306.2,-1045.3,-739.1,-28.9,-74.0,0.0,3.4,-149.0,245.4,-200.5,0.0,3.4,0.0,-110.7,-110.7,117.2,-190.6,-487.7,554.7,67.0001,11.4,11.4,-111.1,-12.8,-45.5,8.3,14.6,-111.1,1.28,0.471,1.2804,0.3202,0.5802,19.8639,100.0,0.0,0.0,1.5485,29.15,0.1549,1.6694,2.1582,41.7019,9.9486,43.5928,4.5093,6.7634,44.6983,0.9468,0.1732,3894.0,3120.5,773.5,0.0,0.0,-28.7,0.0,3894.0,0.0,60.3,-1073.2,0.0,0.0,1133.5,0.0,1135.1,3894.0,0.0,255.0,259.2,4.45,4.38,6.39,15.01,73.26
2018-03-31,,,,,,,,,,,,,,,,,,,,,,,,,,,,,,,,,,,,,,,,,,,,,,,,,,,,,,,,,,,,,,,,,,,,,,,,,,,,,,,,,,,,,,,,,,272.4,1950.2,1888.2,0.0,465.9,4576.7,9056.8,0.0,8894.7,2504.0,20863.0,25439.7,3345.5,5613.0,2176.4,10512.0,13857.5,2.6,1302.4,-441.7,0.0,11582.2,25439.7,1358.0,622.5,-1009.9,-387.3999,-297.5,-83.0,0.0,-56.0,-496.9,473.7,-406.2,0.0,-185.2,0.0,-111.0,-111.0,261.3,-441.1,134.4,63.3,197.7,17.4,17.4,-228.0,-49.4,-62.3,-31.6,33.9,-228.0,1.368,0.485,1.368,0.3264,0.5808,19.6515,7.0675,7.0675,0.0,6.0568,5.5564,0.1579,1.7094,2.0598,43.6938,1.9383,8.3535,0.8825,1.3056,45.1724,1.8198,0.2593,4017.0,3227.6,789.3999,0.0,471.0,-2.8,505.5,283.8999,-40.6,243.3,18.8,224.5,0.0,224.5,0.0,223.2,906.3999,283.8999,256.1,260.3,0.87,0.86,2.236666666666667,5.16,27.343333333333334
2018-06-30,,,,,,,,,,,,,,,,,,,,,,,,,,,,,,,,,,,,,,,,,,,,,,,,,,,,,,,,,,,,,,,,,,,,,,,,,,,,,,,,,,,,,,,,,,452.6,1980.8,1819.3,0.0,373.5,4626.2,8932.2,0.0,8749.3,2401.3,20509.5,25135.7,2967.5,5943.1,2164.2,10755.4,13722.9,2.5,1427.9,-674.3,0.0,11412.8,25135.7,271.3,315.4,84.8001,400.2,-149.9,42.2,0.0,-63.9,-9.6,661.9,-230.7,0.0,-3.0,0.0,-0.1,-0.1,131.1,-102.7,-105.3998,-63.3,-168.6998,-95.0,-95.0,-128.3,35.1,-356.9,180.2,15.3,-128.3,1.559,0.521,1.559,0.3424,0.5728,20.9571,9.3076,9.3076,0.0,8.5994,6.4822,0.1646,1.7976,2.0888,43.0869,2.3772,10.1859,1.0793,1.5632,44.7385,2.5378,1.6544,4137.5,3270.4,867.1001,0.0,456.3,-4.4,482.0,385.1001,-29.3,355.8,84.5,271.3,0.0,271.3,0.0,268.2,700.5001,385.1001,256.1,260.6,1.05,1.03,2.236666666666667,5.16,27.343333333333334
2018-09-30,,,,,,,,,,,,,,,,,,,,,,,,,,,,,,,,,,,,,,,,,,,,,,,,,,,,,,,,,,,,,,,,,,,,,,,,,,,,,,,,,,,,,,,,,,636.8,2010.7,1829.6,0.0,308.0,4785.1,9082.5,0.0,8699.6,2373.3,20575.4,25360.5,3333.3,5674.5,2148.5,10544.8,13878.1,2.5,1573.3,-695.3,0.0,11482.4,25360.5,-1629.3,-937.9,925.0999,-12.8001,447.4,40.8,0.0,119.9,506.5,-1135.6,636.9,0.0,188.2,0.0,111.1,111.1,-392.4,543.8,-29.0002,0.0,-29.0002,77.6,77.6,356.3,14.3,419.2,-148.6,-49.2,356.3,1.436,0.494,0.0,0.0,0.0,0.0,0.0,0.0,0.0,0.0,0.0,0.0,0.0,0.0,0.0,0.0,0.0,0.0,0.0,0.0,-4.3576,-1.9137,0.0,0.0,0.0,0.0,0.0,0.0,0.0,0.0,0.0,0.0,0.0,0.0,0.0,0.0,0.0,0.0,0.0,0.0,0.0,0.0,0.0,0.0,2.236666666666667,5.16,27.343333333333334
2018-12-31,,,,,,,,,,,,,,,,,,,,,,,,,,,,,,,,,,,,,,,,,,,,,,,,,,,,,,,,,,,,,,,,,,,,,,,,,,,,,,,,,,,,,,,,,,260.7,2315.5,2101.8,0.0,548.0,5226.0,10969.7,0.0,11672.3,2370.5,25440.9,30666.9,3729.9,9728.0,2264.8,15321.5,19051.4,2.6,1635.3,-754.8,0.0,11615.5,30666.9,139.8,359.1,-28.8,330.3,169.7,-71.4,0.0,-17.8,-167.0,303.1,-234.0,0.0,-3342.9,0.0,0.0,0.0,4.1,-3572.8,2590.3,447.7,3038.0,-31.3,-31.3,-118.3,8.2,2896.6,-376.1,17.4,-118.3,1.401,0.838,1.4011,0.4558,0.9316,18.0663,100.0,0.0,0.0,4.6795,3.2144,0.1411,1.6869,1.8689,48.1571,0.0,0.0,0.0,0.0,45.5153,1.168,0.2663,4327.4,3545.6,781.7998,0.0,0.0,43.8,0.0,4327.4,0.0,202.5,62.7,0.0,0.0,0.0,0.0,139.1,4327.4,0.0,254.8,259.5,0.55,0.54,2.36,5.47,31.2
2019-03-31,,,,,,,,,,,,,,,,,,,,,,,,,,,,,,,,,,,,,,,,,,,,,,,,,,,,,,,,,,,,,,,,,,,,,,,,,,,,,,,,,,,,,,,,,,154.2,2367.0,2096.9,0.0,595.9,5214.0,11029.4,0.0,11578.8,2423.1,25479.0,30693.0,4046.6,9373.1,2268.8,14992.8,19039.4,2.6,1671.2,-725.5,0.0,11653.6,30693.0,301.7,742.8,-9.7,733.1,117.3,-67.5,0.0,-128.9,-369.8,665.0,-511.3,0.0,-3349.3,0.0,-0.2,-0.2,10.2,-3850.6,2419.0,588.3,3007.3,-85.4,-85.4,-236.5,19.4,2704.8,-482.6,35.5,-236.5,1.288,0.804,1.2885,0.4458,0.9264,19.4719,6.6082,6.6082,0.0,4.526,3.4719,0.1505,1.7742,1.9518,46.1104,1.3893,216.4444,0.5275,0.77,45.3624,2.5636,0.5925,4620.0,3720.4,899.6001,0.0,546.5,-13.0,594.3,305.3003,-96.2,209.1,47.2,161.9,0.0,161.9,0.0,160.4,1048.1,305.3003,256.6,259.4,0.63,0.62,0.6766666666666666,1.6366666666666667,13.836666666666666
2019-06-30,,,,,,,,,,,,,,,,,,,,,,,,,,,,,,,,,,,,,,,,,,,,,,,,,,,,,,,,,,,,,,,,,,,,,,,,,,,,,,,,,,,,,,,,,,179.1,2398.1,2074.2,0.0,542.3,5193.7,11169.3,0.0,11496.7,2489.1,25618.4,30812.1,3590.5,9759.1,2263.6,15380.3,18970.8,2.6,1805.1,-695.4,0.0,11841.3,30812.1,253.8,385.3,-8.5,376.8,-23.4,28.0,0.0,-42.8,104.0,734.6,-340.7,0.0,-19.0,0.0,-10.2,-10.2,19.8,-350.1,-129.8,-588.3,-718.1,5.4,5.4,-117.6,465.0,-365.3,24.9,15.8,-117.6,1.447,0.824,1.4465,0.4518,0.89,21.0853,8.9851,8.9851,0.0,7.0661,5.3859,0.1522,1.7844,1.9557,46.019,2.1433,73.6507,0.8237,1.175,46.0214,2.8486,1.5251,4690.0,3701.1,988.8999,0.0,544.8,-6.5,567.5,421.4004,-90.0,331.4,77.6,253.8,0.0,253.8,0.0,252.6,806.7004,421.4004,257.3,258.6,0.98,0.98,0.6766666666666666,1.6366666666666667,13.836666666666666
2019-09-30,,,,,,,,,,,,,,,,,,,,,,,,,,,,,,,,,,,,,,,,,,,,,,,,,,,,,,,,,,,,,,,,,,,,,,,,,,,,,,,,,,,,,,,,,,151.6,2193.2,2107.5,0.0,522.0,4974.3,11189.5,0.0,11345.1,2423.1,25182.4,30156.7,3435.1,9502.3,2199.1,15037.4,18472.5,2.6,1997.1,-1069.2,0.0,11684.2,30156.7,-555.5,-1128.1,18.2,-1109.9,-93.9,39.5,0.0,171.7,265.8,-1399.6,852.0,0.0,3368.3,0.0,10.4,10.4,-30.0,4200.7,-2289.2,0.0,-2289.2,80.0,80.0,354.1,-484.4,-2339.5,457.7,-51.3,354.1,1.448,0.813,0.0,0.0,0.0,0.0,0.0,0.0,0.0,0.0,0.0,0.0,0.0,0.0,0.0,0.0,0.0,0.0,0.0,0.0,-5.4122,-2.1176,0.0,0.0,0.0,0.0,0.0,0.0,0.0,0.0,0.0,0.0,0.0,0.0,0.0,0.0,0.0,0.0,0.0,0.0,0.0,0.0,0.0,0.0,0.6766666666666666,1.6366666666666667,13.836666666666666
2019-12-31,,,,,,,,,,,,,,,,,,,,,,,,,,,,,,,,,,,,,,,,,,,,,,,,,,,,,,,,,,,,,,,,,,,,,,,,,,,,,,,,,,,,,,,,,,156.4,2061.7,2189.7,0.0,544.8,4952.6,11281.1,0.0,11295.0,3150.9,25984.2,30936.8,3446.8,9649.3,2656.1,15649.5,19096.3,2.6,2087.5,-1034.9,0.0,11840.5,30936.8,139.5,381.2,-2.6,378.6,153.9,-83.9,0.0,-71.1,-86.9,431.2,-365.5,0.0,0.0,0.0,-0.3,-0.3,4.9,-360.9,77.4,-25.4,52.0,15.5,15.5,-120.3,-8.5,-61.3,4.8,13.8,-120.3,1.437,0.815,1.4369,0.449,0.8627,18.2879,100.0,0.0,0.0,4.2046,3.1309,0.143,1.6508,2.1457,41.9452,0.0,0.0,0.0,0.0,45.8224,1.6591,0.2528,4423.7,3614.7,809.0002,0.0,0.0,1.3,0.0,4423.7,0.0,186.0,46.5,0.0,0.0,0.0,0.0,138.5,4423.7,0.0,258.2,259.9,0.54,0.53,1.8,4.7,169.2
2020-03-31,,,,,,,,,,,,,,,,,,,,,,,,,,,,,,,,,,,,,,,,,,,,,,,,,,,,,,,,,,,,,,,,,,,,,,,,,,,,,,,,,,,,,,,,,,640.2,2222.1,2125.4,0.0,504.5,5492.2,11036.3,0.0,11109.9,3043.3,25468.1,30960.3,3139.8,10424.6,2591.5,16322.5,19462.3,2.6,2114.4,-1419.0,0.0,11498.0,30960.3,288.4,755.7,1.6,757.3,-60.4,-63.2,0.0,-132.9,-446.9,598.8,-593.5,0.0,0.0,0.0,-0.7,-0.7,4.9,-589.3,681.9,-34.8,647.1,13.4,13.4,-241.4,88.0,507.1,488.6,29.6,-241.4,1.749,0.907,1.7492,0.4755,0.9442,18.0964,6.17,6.17,0.0,4.6478,3.3301,0.1436,1.7138,2.0014,44.9686,1.295,38.3664,0.4809,0.6792,44.3596,2.3013,0.0204,4447.3,3642.5,804.7998,0.0,518.7,5.6,530.4,274.3999,-67.7,206.7,57.8,148.9,0.0,148.9,0.0,148.1,1030.1,274.3999,259.0,260.2,0.57,0.57,0.5866666666666667,1.5366666666666668,44.5
2020-06-30,,,,,,,,,,,,,,,,,,,,,,,,,,,,,,,,,,,,,,,,,,,,,,,,,,,,,,,,,,,,,,,,,,,,,,,,,,,,,,,,,,,,,,,,,,291.5,2083.2,2137.7,0.0,493.5,5005.9,10922.6,0.0,11019.9,3023.3,25271.7,30277.6,2786.9,9840.3,2607.5,15760.8,18547.7,2.6,2240.3,-1387.4,0.0,11729.9,30277.6,180.0,365.7,30.5,396.2,142.8,-7.5,0.0,34.6,164.0,740.2,-241.8,0.0,0.0,0.0,-0.3,-0.3,6.0,-236.1,-661.2,34.8,-626.4,3.3,3.3,-52.6,-183.5,-859.2,-348.7,68.8,-52.6,1.796,0.839,1.7962,0.4562,0.8571,18.1762,6.4113,6.4113,0.0,4.7022,4.2136,0.1399,1.6215,2.0336,44.2575,1.5345,25.3521,0.5945,0.8345,45.2019,2.8408,1.9139,4236.3,3466.3,769.9998,0.0,489.7,-1.0,498.4,271.5999,-72.4,199.2,19.2,180.0,0.0,180.0,0.0,178.5,637.2999,271.5999,259.4,260.4,0.69,0.69,0.5866666666666667,1.5366666666666668,44.5
2020-09-30,,,,,,,,,,,,,,,,,,,,,,,,,,,,,,,,,,,,,,,,,,,,,,,,,,,,,,,,,,,,,,,,,,,,,,,,,,,,,,,,,,,,,,,,,,251.1,2142.7,2023.4,0.0,527.5,4944.7,10778.9,0.0,9629.4,3058.0,23835.0,28779.7,2928.9,9207.7,2626.8,15203.3,18132.2,2.6,1031.6,-1319.9,0.0,10647.5,28779.7,-468.4,-1121.4,-32.1,-1153.5,-82.4,70.7,0.0,98.3,282.9,-1339.0,835.3,0.0,0.0,0.0,1.0,1.0,-10.9,825.4,-20.7,0.0,-20.7,-16.7,-16.7,294.0,95.5,352.1,-139.9,-98.4,294.0,1.688,0.865,0.0,0.0,0.0,0.0,0.0,0.0,0.0,0.0,0.0,0.0,0.0,0.0,0.0,0.0,0.0,0.0,0.0,0.0,-5.1421,-1.9343,0.0,0.0,0.0,0.0,0.0,0.0,0.0,0.0,0.0,0.0,0.0,0.0,0.0,0.0,0.0,0.0,0.0,0.0,0.0,0.0,0.0,0.0,0.5866666666666667,1.5366666666666668,44.5
2020-12-31,,,,,,,,,,,,,,,,,,,,,,,,,,,,,,,,,,,,,,,,,,,,,,,,,,,,,,,,,,,,,,,,,,,,,,,,,,,,,,,,,,,,,,,,,,253.8,2023.4,2084.6,0.0,502.0,4863.8,10784.3,0.0,9595.1,3188.5,23972.6,28836.4,3049.1,8771.1,2668.3,14807.2,17856.3,2.6,1126.3,-1115.3,0.0,10980.1,28836.4,152.5,364.5,-46.3,318.2,150.2,-44.3,0.0,-19.3,248.7,719.4,-168.7,0.0,0.0,23.3,0.0,23.3,5.0,-140.4,-523.7,0.0,-523.7,-12.4,-12.4,-52.6,4.6,-584.1,2.7,20.0,-52.6,1.595,0.799,1.5952,0.4441,0.8142,17.1055,100.0,0.0,0.0,4.6075,3.4534,0.1526,1.7503,2.1753,41.3736,0.0,0.0,0.0,0.0,41.7019,2.7168,2.0797,4401.5,3648.6,752.8999,0.0,0.0,-2.5,0.0,4401.5,0.0,202.8,50.3,0.0,0.0,0.0,0.0,152.0,4401.5,0.0,262.7,264.8,0.58,0.57,1.61,4.27,54.73
2021-03-31,,,,,,,,,,,,,,,,,,,,,,,,,,,,,,,,,,,,,,,,,,,,,,,,,,,,,,,,,,,,,,,,,,,,,,,,,,,,,,,,,,,,,,,,,,334.0,2416.2,2090.9,0.0,543.5,5384.6,10572.5,0.0,9459.0,3119.0,23587.3,28971.9,3552.7,8393.1,2635.8,14349.2,17901.9,2.7,1186.0,-1194.3,0.0,11070.0,28971.9,266.9,725.9,-29.1,696.8,-257.0,-79.9,0.0,-126.6,-112.1,851.6,-298.2,0.0,0.0,86.8,0.0,86.8,16.2,-195.2,-481.8,0.0,-481.8,0.2,0.2,-105.8,2.8,-584.6,82.9,51.1,-105.8,1.516,0.758,1.5156,0.4312,0.8078,16.8913,4.4414,4.4414,0.0,3.2651,2.535,0.1532,1.7639,1.8367,49.0013,1.0334,7.1012,0.3949,0.5878,41.6322,3.1895,2.0727,4437.8,3688.2,749.5999,0.0,547.0,-0.3,552.5,197.0996,-52.2,144.9,30.5,114.4,0.0,114.4,0.0,112.5,922.9996,197.0996,264.9,267.0,0.42,0.42,0.5066666666666667,1.3333333333333333,12.533333333333333
2021-06-30,,,,,,,,,,,,,,,,,,,,,,,,,,,,,,,,,,,,,,,,,,,,,,,,,,,,,,,,,,,,,,,,,,,,,,,,,,,,,,,,,,,,,,,,,,549.8,2518.1,2145.6,0.0,510.2,5723.7,10631.3,0.0,9400.7,3187.8,23690.4,29414.1,3844.0,8106.9,2656.8,14099.6,17943.6,2.7,1370.8,-1040.8,0.0,11470.5,29414.1,251.0,369.0,0.1,369.1,-76.4,-50.9,0.0,-23.1,130.7,750.8,-201.2,0.0,0.0,1.2,0.0,1.2,9.7,-190.3,-311.6,0.0,-311.6,14.5,14.5,-64.0,4.4,-356.7,215.8,23.3,-64.0,1.489,0.707,1.489,0.4141,0.7561,19.3074,7.9376,7.9376,0.0,6.8185,5.1928,0.1637,1.8113,1.9127,47.0546,2.1882,12.1268,0.8533,1.2821,42.9768,2.7674,2.0277,4816.3,3886.4,929.8999,0.0,539.7,-1.0,547.6,382.2998,-53.9,328.4,77.4,251.0,0.0,251.0,0.0,250.1,751.2998,382.2998,266.5,269.0,0.94,0.93,0.5066666666666667,1.3333333333333333,12.533333333333333
2021-09-30,,,,,,,,,,,,,,,,,,,,,,,,,,,,,,,,,,,,,,,,,,,,,,,,,,,,,,,,,,,,,,,,,,,,,,,,,,,,,,,,,,,,,,,,,,290.9,2586.9,2173.3,0.0,608.5,5659.6,10570.1,0.0,9278.0,3072.3,23594.7,29254.3,3644.1,8025.3,2560.4,13920.2,17564.3,2.7,1607.9,-999.1,0.0,11690.0,29254.3,-517.9,-1094.9,29.0,-1065.9,333.4,130.8,0.0,149.7,-18.6,-1602.4,499.4,0.0,0.0,-88.0,0.0,-88.0,-25.9,385.5,793.4,0.0,793.4,-14.7,-14.7,169.8,-7.2,941.3,-298.7,-74.4,169.8,1.553,0.687,0.0,0.0,0.0,0.0,0.0,0.0,0.0,0.0,0.0,0.0,0.0,0.0,0.0,0.0,0.0,0.0,0.0,0.0,-5.9569,-4.1004,0.0,0.0,0.0,0.0,0.0,0.0,0.0,0.0,0.0,0.0,0.0,0.0,0.0,0.0,0.0,0.0,0.0,0.0,0.0,0.0,0.0,0.0,0.5066666666666667,1.3333333333333333,12.533333333333333
2021-12-31,,,,,,,,,,,,,,,,,,,,,,,,,,,,,,,,,,,,,,,,,,,,,,,,,,,,,,,,,,,,,,,,,,,,,,,,,,,,,,,,,,,,,,,,,,291.3,2525.5,2241.3,0.0,509.8,5567.9,10482.1,0.0,9192.2,3133.1,23514.6,29082.5,3555.5,7996.4,2497.8,13809.7,17365.2,2.6,1711.2,-1012.7,0.0,11717.3,29082.5,183.8,366.5,-71.2,295.3,60.4,-117.5,0.0,-44.1,-226.3,252.8,-149.0,0.0,-7.0,0.0,0.0,0.0,1.2,-154.8,-20.9,0.0,-20.9,-93.9,-93.9,-66.3,76.8,-104.3,0.4,15.2,-66.3,1.566,0.682,1.566,0.4056,0.7027,16.0858,100.0,0.0,0.0,4.8948,3.6812,0.1703,1.8541,1.9609,45.8978,0.0,0.0,0.0,0.0,44.5186,0.9472,0.3889,4952.2,4155.6,796.6001,0.0,0.0,13.9,0.0,4952.2,0.0,242.4,58.6,0.0,0.0,0.0,0.0,182.3,4952.2,0.0,264.6,266.9,0.69,0.68,1.87,4.74,25.3
2022-03-31,,,,,,,,,,,,,,,,,,,,,,,,,,,,,,,,,,,,,,,,,,,,,,,,,,,,,,,,,,,,,,,,,,,,,,,,,,,,,,,,,,,,,,,,,,360.2,2841.9,2233.5,0.0,550.3,5985.9,10237.4,0.0,9112.9,3131.4,23219.7,29205.6,3911.8,7954.4,2503.0,13696.7,17608.5,2.6,1662.5,-880.2,0.0,11597.1,29205.6,224.5,740.1,136.8,876.9,-229.1,-133.4,0.0,-152.4,-458.7,642.7,-329.4,0.0,-7.0,0.0,0.0,0.0,29.8,-306.6,-81.1,224.6,143.5,-319.4,-319.4,-132.1,20.2,-287.8,69.3,39.7,-132.1,1.53,0.686,1.5302,0.4068,0.7221,18.6489,1.0516,1.0516,0.0,0.7897,0.7413,0.1843,1.9603,1.8938,47.5225,0.3509,1.6384,0.1394,0.2082,44.7246,2.4225,1.1809,5382.1,4378.4,1003.7,0.0,581.2,-2.5,947.1,56.6001,-14.1,42.5,1.8,40.7,0.0,40.7,0.0,39.9,796.7001,56.6001,263.4,265.3,0.15,0.15,0.5366666666666667,1.3533333333333333,6.63
2022-06-30,,,,,,,,,,,,,,,,,,,,,,,,,,,,,,,,,,,,,,,,,,,,,,,,,,,,,,,,,,,,,,,,,,,,,,,,,,,,,,,,,,,,,,,,,,305.4,2824.9,2300.5,0.0,573.9,6004.7,10058.4,0.0,8960.1,3098.1,22881.0,28885.7,4111.4,7635.1,2472.3,13297.8,17409.2,2.5,1934.4,-1095.4,0.0,11476.5,28885.7,379.8,377.3,-15.5,361.8,-30.9,-130.5,0.0,-20.5,95.8,837.4,-212.8,0.0,0.0,0.0,0.0,0.0,5.2,-207.6,-304.1,-41.8,-345.9,-278.9,-278.9,-63.8,10.6,-678.0,-54.8,34.6,-63.8,1.461,0.665,1.4605,0.3995,0.6991,21.0048,9.8049,9.8049,0.0,9.2849,6.8464,0.1911,1.8954,1.9539,46.0607,3.3094,15.093,1.3148,1.9873,45.1298,3.3277,2.4628,5519.7,4360.3,1159.4,0.0,591.8,0.2,618.2,541.2007,-28.7,512.5,132.7,379.8,0.0,379.8,0.0,377.9,918.5007,541.2007,255.6,257.4,1.48,1.47,0.5366666666666667,1.3533333333333333,6.63
2022-09-30,,,,,,,,,,,,,,,,,,,,,,,,,,,,,,,,,,,,,,,,,,,,,,,,,,,,,,,,,,,,,,,,,,,,,,,,,,,,,,,,,,,,,,,,,,260.2,2683.9,2317.1,0.0,724.2,5985.4,10081.4,0.0,8815.801,3082.6,22420.1,28405.5,3902.8,7575.0,2445.8,13083.0,16985.8,2.5,2214.4,-1454.3,0.0,11419.7,28405.5,-604.3,-1117.4,-121.3,-1238.7,260.0,263.9,0.0,172.9,362.9,-1480.1,542.2,0.0,7.0,0.0,0.0,0.0,-35.0,514.2,385.2,-182.8,202.4,598.3,598.3,195.9,-30.8,965.8,-14.5,-74.3,195.9,1.534,0.663,0.0,0.0,0.0,0.0,0.0,0.0,0.0,0.0,0.0,0.0,0.0,0.0,0.0,0.0,0.0,0.0,0.0,0.0,-5.7502,-3.6437,0.0,0.0,0.0,0.0,0.0,0.0,0.0,0.0,0.0,0.0,0.0,0.0,0.0,0.0,0.0,0.0,0.0,0.0,0.0,0.0,0.0,0.0,0.5366666666666667,1.3533333333333333,6.63
2022-12-31,,,,,,,,,,,,,,,,,,,,,,,,,,,,,,,,,,,,,,,,,,,,,,,,,,,,,,,,,,,,,,,,,,,,,,,,,,,,,,,,,,,,,,,,,,415.2,2665.5,2570.9,0.0,1928.5,7580.1,11398.7,0.0,8928.8,1980.4,22761.6,30341.7,5012.0,8965.8,1671.8,13777.4,18789.4,2.5,2188.3,-1308.9,0.0,11552.3,30341.7,46.8,373.2,3.8,377.0,284.9,-53.8,0.0,-64.3,-157.9,265.9,-277.7,0.0,-827.6,0.0,0.0,0.0,25.1,-1080.2,772.9999,301.5,1074.5,0.0,0.0,-70.0,-21.6,982.9,155.0,9.6,-70.0,1.512,0.776,1.5124,0.437,0.8191,15.5593,100.0,0.0,0.0,1.1192,0.9202,0.1623,1.617,1.847,48.7284,0.0,0.0,0.0,0.0,45.3743,1.0358,-0.046,4923.1,4157.1,766.0,0.0,0.0,0.0,0.0,4923.1,0.0,55.1,8.3,0.0,0.0,0.0,0.0,45.3,4923.1,0.0,254.7,256.7,0.18,0.18,1.59,4.02,18.11
2023-03-31,,,,,,,,,,,,,,,,,,,,,,,,,,,,,,,,,,,,,,,,,,,,,,,,,,,,,,,,,,,,,,,,,,,,,,,,,,,,,,,,,,,,,,,,,,363.4,2814.9,2550.3,0.0,1869.7,7598.3,11163.0,0.0,7012.1,1973.6,20612.1,28210.4,4967.5,9004.0,1644.1,13581.8,18549.3,2.6,110.0,-1118.5,0.0,9661.1,28210.4,-1958.0,769.0,2043.5,2812.5,170.3,-44.8,0.0,-49.7,-304.5,550.0,-545.0,0.0,-827.6,0.0,0.0,0.0,29.1,-1343.5,788.4,275.3,1063.7,0.0,0.0,-140.3,-15.8,907.6,103.2,23.1,-140.3,1.53,0.932,1.5296,0.4824,0.9839,17.4322,-37.7804,-37.7804,0.0,-40.2001,-38.0116,0.1871,1.7087,1.8749,48.0031,-20.7513,-75.6814,-7.1066,-10.7409,37.7239,2.1518,0.0196,5277.6,4357.6,920.0,0.0,585.1,0.0,2913.9,-1993.9,-127.7,-2121.6,-116.8,-2004.8,0.0,-2004.8,0.0,-2006.1,-1224.9,-1993.9,255.6,255.6,-7.85,-7.85,-2.735,-7.18,-30.465
2023-06-30,,,,,,,,,,,,,,,,,,,,,,,,,,,,,,,,,,,,,,,,,,,,,,,,,,,,,,,,,,,,,,,,,,,,,,,,,,,,,,,,,,,,,,,,,,314.8,2742.6,2549.0,0.0,1841.6,7448.0,11262.5,0.0,6943.0,2021.3,20700.9,28148.9,5003.7,8607.6,1673.8,13120.4,18124.1,2.6,240.2,-920.3,0.0,10024.8,28148.9,1958.0,-769.0,-2043.5,-2812.5,-170.3,44.8,0.0,49.7,304.5,-550.0,545.0,0.0,827.6,0.0,0.0,0.0,-29.1,1343.5,-788.4,-275.3,-1063.7,0.0,0.0,140.3,15.8,-907.6,-103.2,-23.1,140.3,1.488,0.859,1.4885,0.462,0.9005,19.9469,7.0044,7.0044,0.0,5.2801,3.9445,0.1819,1.6083,1.8672,48.1994,2.026,6.5903,0.7215,1.09,39.1135,-2.1518,-0.0196,5121.1,4099.6,1021.5,0.0,626.3,-1.0,662.8,358.7002,-88.3,270.4,67.3,203.1,0.0,203.1,0.0,202.0,358.7002,358.7002,256.3,257.0,0.79,0.79,-2.735,-7.18,-30.465
2023-09-30,,,,,,,,,,,,,,,,,,,,,,,,,,,,,,,,,,,,,,,,,,,,,,,,,,,,,,,,,,,,,,,,,,,,,,,,,,,,,,,,,,,,,,,,,,393.4,2591.9,2331.5,0.0,1676.3,6993.1,11063.2,0.0,6824.9,1944.2,20450.6,27443.7,4919.4,8050.9,1652.2,12426.6,17346.0,2.6,278.2,-898.6,0.0,10097.7,27443.7,777.0,430.0,0.0,430.0,63.0,161.0,0.0,21.0,-259.0,948.0,-650.0,0.0,-29.0,0.0,0.0,0.0,2.0,-677.0,-49.0,0.0,-49.0,-30.0,-30.0,-299.0,0.0,-378.0,-112.0,43.0,-299.0,1.422,0.797,1.4215,0.4436,0.8501,25.4545,12.1441,12.1441,0.0,10.3602,7.8559,0.1062,0.932,1.1247,80.0244,2.2678,6.9971,0.8344,1.2618,39.3826,3.6602,1.1506,2915.0,2173.0,742.0,0.0,371.0,-17.0,388.0,354.0,-52.0,302.0,73.0,229.0,0.0,229.0,0.0,229.0,354.0,354.0,258.0,259.0,0.89,0.88,-5.36,-14.81,-52.64
2023-12-31,,,,,,,,,,,,,,,,,,,,,,,,,,,,,,,,,,,,,,,,,,,,,,,,,,,,,,,,,,,,,,,,,,,,,,,,,,,,,,,,,,,,,,,,,,1000.0,1806.0,1203.0,0.0,561.0,4570.0,5791.0,0.0,3060.0,601.0,9481.0,14051.0,3006.0,3669.0,385.0,4871.0,7877.0,0.0,3521.0,-847.0,0.0,6174.0,14051.0,-799.7,-48.2,-46.7,-94.9,118.5,-186.7,0.0,-94.5,221.6,-673.0,411.0,0.0,29.5,0.0,0.0,0.0,861.9,1302.4,116.3,-34.7,81.6,30.0,30.0,221.4,-759.0,-426.0,206.7,-35.7,221.4,1.52,0.594,1.5203,0.3728,0.6069,16.4242,1.8225,1.8225,0.0,-0.368,-0.4848,0.3288,3.2096,2.5581,35.1818,-0.3677,-0.729,-0.1616,-0.2306,23.7139,-2.5902,-1.0105,4620.0,3861.2,758.8,0.0,609.1,0.0,674.6,84.2002,-101.2,-17.0,5.7,-22.7,0.0,-22.7,0.0,-22.4,36.0002,84.2002,257.0,257.0,-0.09,-0.09,-6.53,-17.77,-52.71
2024-03-31,,,,,,,,,,,,,,,,,,,,,,,,,,,,,,,,,,,,,,,,,,,,,,,,,,,,,,,,,,,,,,,,,,,,,,,,,,,,,,,,,,,,,,,,,,494.7,2583.7,2328.4,0.0,936.5,6343.3,11240.7,0.0,6690.5,1972.3,20540.7,26884.0,4737.4,7718.2,1798.7,12062.8,16800.2,2.6,113.4,-754.7,0.0,10083.8,26884.0,-6.3,770.2,-57.6,712.6001,26.8,-55.7,0.0,-80.7,-394.2,312.1,-509.9,0.0,1.8,0.0,0.0,0.0,864.8,356.7,121.2,251.0,372.2,0.0,0.0,-155.6,-786.3,-569.7,101.3,13.0,-155.6,1.339,0.765,1.339,0.4336,0.8961,16.5041,2.5472,2.5472,0.0,0.1354,0.3279,0.1758,1.695,1.8294,49.1956,0.1626,0.4833,0.061,0.0921,39.0694,1.2036,-0.7628,4726.7,3946.6,780.1001,0.0,578.5,0.0,659.7,120.3999,-114.0,6.4,-10.0,16.4,0.0,16.4,0.0,15.5,890.5999,120.3999,258.0,259.3,0.06,0.06,1.76,4.67,13.22
2024-06-30,,,,,,,,,,,,,,,,,,,,,,,,,,,,,,,,,,,,,,,,,,,,,,,,,,,,,,,,,,,,,,,,,,,,,,,,,,,,,,,,,,,,,,,,,,0.0268,0.0,0.0,0.0,0.0,0.0268,0.0,0.0,0.0,0.0,0.0,0.0268,0.0123,0.0,0.0,0.0,0.0123,0.027,-0.0123,-0.0002,0.0,0.0145,0.0268,6.2877,-770.2,57.6,-712.6001,-26.8,55.7,0.0,80.7,394.2123,-312.1,509.9,0.0,-1.8,0.0,0.0,0.0,-864.8,-356.7,-121.2,-251.0,-372.2,0.0269,0.0269,155.6,786.3,569.7269,-101.2733,-13.0,155.6,2.179,0.0,2.1758,0.0,0.0,0.0,0.0,0.0,0.0,0.0,0.0,0.0,0.0,0.0,0.0,-85.0505,-85.0505,-45.9607,-85.0505,0.5785,-1.2036,0.7628,0.0,0.0,0.0,0.0,0.0123,0.0,0.0,-0.0123,0.0,-0.0123,0.0,-0.0123,0.0,-0.0123,0.0,-0.0123,-0.0123,-0.0123,0.0048,0.0048,-2.56,-2.56,1.3,3.38,9.12
2024-09-30,,,,,,,,,,,,,,,,,,,,,,,,,,,,,,,,,,,,,,,,,,,,,,,,,,,,,,,,,,,,,,,,,,,,,,,,,,,,,,,,,,,,,,,,,,951.0,4613.0,3585.0,0.0,1396.0,10545.0,23206.0,0.0,8309.0,2354.0,34484.0,45029.0,7126.0,13174.0,2267.0,19911.0,27037.0,1.0,3178.0,-1011.0,0.0,17992.0,45029.0,173.0123,872.0,27.0,899.0,-422.0,120.0,0.0,-31.0,-370.0123,702.0,-882.0,0.0,-716.0,0.0,0.0,0.0,3.0,-1595.0,1488.0,-33.0,1455.0,-27.0269,-27.0269,-493.0,-66.0,868.9731,-49.0267,154.0,-493.0,1.48,0.732,1.4798,0.4227,0.7736,17.5988,0.717,0.717,0.0,-1.5252,-1.9554,0.1704,1.7632,1.6629,54.122,-0.8337,-1.5491,-0.3331,-0.4813,34.5963,1.3819,-0.3543,7671.0,6321.0,1350.0,0.0,1028.0,-267.0,1295.0,55.0,-172.0,-117.0,33.0,-150.0,0.0,-150.0,0.0,-150.0,55.0,55.0,508.0,508.0,-0.3,-0.3,-0.73,-1.82,-3.85
